4274 5790
286 212 325 273 10

397 386 449 451 Or.
485 387 568 451 Phil.
593 387 648 450 Xll
673 386 696 471 ξ
723 388 775 449 16;
803 386 834 449 in
860 386 921 449 bac
946 405 1006 466 ego
1030 386 1192 467 legatione
1216 386 1278 448 sim
1303 386 1423 449 autad
1448 387 1478 449 id
1504 387 1677 449 consilium
1702 386 1893 461 admiscear,
1919 387 1954 448 in
1983 402 2059 466 quo

237 496 328 558 nesi
353 497 539 559 dissensero
565 495 696 577 quidem
721 495 891 568 acetaria,
916 491 1064 558 sciturus
1088 493 1229 574 populus
1253 492 1422 556 Romanus
1446 489 1512 557 sit?
1992 476 1996 481 ’

396 602 485 665 lbdm
510 600 533 686 ξ
557 602 591 664 8:
617 603 690 684 quis
714 609 763 665 est
787 603 873 665 enim
899 603 953 685 qui
978 603 1019 665 ad
1038 601 1160 666 bellum
1176 602 1377 665 inllammato
1391 598 1659 686 animosuturus
1676 597 1719 663 sit
1735 619 1793 681 spe
1807 601 1897 682 praeis
1911 599 2059 663 oblata?

397 707 450 773 Or.
477 708 558 772 Phil.
584 709 656 772 Xlll
679 707 702 792 ξ
725 710 786 772 41ι
812 728 832 773 o
857 709 1061 791 praeclarum
1086 709 1224 784 lucrum,
1250 728 1316 790 quo
1341 715 1371 770 te
1397 707 1520 771 victore
1545 705 1640 770 beata
1665 725 1753 770 mors
1781 703 2057 791 eorumsutura

234 813 285 889 sil,
311 816 429 896 quiex
454 816 519 878 vita
544 817 745 879 excesserint
768 818 839 880 sine
864 816 1042 880 tormentis,

394 921 457 985 Au.
483 922 551 997 XV,
580 922 629 996 13,
655 924 684 984 7:
711 941 795 1005 quae
818 924 948 1003 (oratio)
972 942 1038 986 non
1062 921 1106 985 sit
1129 922 1216 985 serras
1235 917 1425 1005 proditura
1450 921 1510 983 nisi
1535 939 1569 984 re
1595 918 1725 1002 publica
1750 928 1950 1001 recuperata.

394 1029 427 1091 ln
462 1029 544 1092 locis
577 1029 683 1093 allatis
716 1032 801 1112 conj.
827 1049 931 1112 praes.
958 1030 1013 1093 lut.
1040 1029 1181 1110 peripbr.
1207 1029 1403 1110 objectivam
1430 1027 1525 1091 luturi
1551 1027 1707 1108 temporis
1731 1028 1796 1090 vim
1821 1026 1919 1094 babet
1942 1037 2054 1112 atque

232 1135 272 1199 nd
299 1135 442 1200 loturum
467 1136 606 1216 simplex
631 1137 682 1200 vel
707 1137 837 1200 indicat.
864 1155 969 1218 praes.
996 1136 1052 1200 sut.
1079 1136 1219 1217 peripbr.
1246 1137 1278 1198 in
1303 1137 1464 1199 sententia
1489 1134 1643 1215 primaria
1667 1133 1852 1214 respondet.

392 1242 441 1305 lld
475 1242 612 1306 alterum
646 1243 726 1306 illud
750 1263 853 1324 genus
878 1244 1087 1325 periodorum
1112 1243 1395 1325 hypotheticarum
1420 1240 1470 1304 rel
1495 1259 1598 1320 genus
1621 1240 1798 1321 potentiale
1823 1241 1904 1304 haec
1928 1237 2051 1302 referri

231 1367 329 1429 posse
353 1349 504 1412 videntur
528 1349 693 1431 exempla:

392 1456 484 1519 Finn.
511 1456 537 1518 ll
561 1454 583 1538 ξ
607 1457 663 1519 aa:
700 1455 733 1519 Si
759 1457 873 1520 scieris
897 1456 1043 1537 aspidem
1069 1455 1169 1519 latere
1194 1457 1321 1536 uspiam
1347 1464 1379 1520 et
1401 1455 1485 1519 velle
1509 1456 1651 1538 aliquem
1677 1454 1917 1536 imprudentem
1941 1471 2053 1534 super

231 1581 303 1626 eum
335 1563 496 1639 adsidere,
532 1564 626 1626 euius
660 1582 748 1627 mors
781 1562 838 1627 tibi
872 1563 1128 1626 emolumentum
1160 1560 1287 1640 ficturo
1309 1561 1361 1641 sit,
1385 1563 1533 1645 improbe
1559 1563 1684 1637 leceris,
1710 1563 1772 1625 nisi
1796 1560 1974 1635 monueris,
2004 1579 2051 1624 ne

230 1669 368 1733 adsidui.

392 1778 538 1841 l’rotasis
562 1778 594 1840 in
619 1776 782 1840 vocabulo
809 1795 904 1840 mors
928 1776 1015 1840 latet.
1064 1796 1099 1839 o:
1127 1777 1234 1858 quisi
1260 1777 1425 1840 moriatur.

393 1884 452 1950 Oli.
478 1883 518 1947 lll
542 1882 564 1967 ξ
588 1883 645 1947 50:
671 1885 711 1947 de
735 1885 806 1947 eius
831 1883 1066 1948 deliberatione
1090 1891 1122 1948 ct
1146 1883 1387 1948 consultatione
1411 1885 1609 1965 quaerimus
1629 1884 1683 1965 qui
1702 1880 2051 1945 celaturosltnodios

231 2011 295 2054 non
320 1990 372 2067 sit,
397 1992 424 2055 si
447 1992 478 2054 id
504 1999 596 2073 turpe
616 1993 752 2073 judicet,
778 1992 835 2054 sed
860 1993 985 2057 dubitet
1008 2012 1050 2056 an
1076 2000 1170 2075 turpe
1195 1993 1335 2056 nonsit.

389 2098 452 2161 Att.
479 2098 530 2172 lV,
560 2099 608 2175 17,
637 2100 663 2161 l:
690 2101 907 2180 nequeenim
933 2107 1009 2163 suut
1033 2118 1091 2163 eae
1116 2099 1275 2180 epistolae
1301 2106 1440 2173 nostrae,
1466 2115 1551 2180 quae
1575 2097 1603 2158 si
1620 2096 1764 2178 perlatae
1782 2115 1847 2159 non
1865 2096 1938 2170 sint,
1960 2096 2049 2159 nihil

229 2223 268 2268 ea
292 2224 344 2268 res
369 2224 429 2268 nos
454 2204 638 2290 ullirnsuru
662 2204 712 2269 sit.

391 2313 487 2376 Rosa.
522 2312 593 2375 Aru.
626 2310 649 2396 ξ
686 2312 761 2376 120;
798 2331 933 2376 necesse
966 2319 1015 2376 est
1047 2314 1154 2376 sciant
1186 2313 1318 2395 aliquid,
1353 2311 1440 2393 ‹prrod
1475 2312 1501 2373 si
1526 2311 1674 2385 dixerint,
1700 2310 1920 2391 perniciosum
1944 2308 2050 2372 vobis

215 2414 386 2501 'fratruum
411 2417 462 2482 sit.

389 2525 424 2589 ln
449 2525 500 2588 his
524 2544 574 2589 ex.
601 2527 686 2606 conj.
706 2545 811 2607 praes
831 2525 886 2590 lut,
908 2527 1050 2608 periphr.
1068 2527 1205 2591 eandem
1224 2526 1660 2608 bypotlretico-potenlialem
1679 2525 1742 2587 vim
1761 2523 1882 2587 babere
1900 2521 2047 2598 videtur,

228 2651 325 2714 qrram
352 2634 383 2695 iu
408 2633 556 2714 apndosi,
582 2651 667 2714 <puae
691 2634 853 2696 sententia
878 2634 1032 2714 primaria
1055 2640 1112 2708 est,
1139 2634 1350 2714 conjunctive
1367 2635 1549 2714 praesentis
1565 2633 1747 2696 denotatur.
1781 2630 1922 2693 Causam
1940 2627 2048 2692 buius

227 2740 416 2802 mutationis
441 2741 473 2802 in
499 2759 538 2803 eo
563 2740 702 2819 positam
729 2757 801 2802 esse
827 2739 935 2814 credo,
962 2740 1059 2821 quod,
1086 2760 1186 2821 quum
1211 2741 1372 2803 sententia
1397 2739 1531 2803 relativa
1556 2757 1671 2821 perse
1696 2739 1767 2819 ipsa
1791 2735 2046 2816 conjunctivum

228 2846 360 2909 modum
395 2846 585 2927 postularet,
620 2846 854 2910 obscuraretur
888 2847 970 2910 baec
1004 2847 1190 2928 potentialis
1223 2848 1282 2919 viS,
1316 2847 1344 2909 si
1378 2846 1608 2926 conjunctivus
1643 2845 1823 2927 praesentis
1848 2844 2048 2905 immutatus

229 2959 375 3016 restaret.
424 2952 518 3032 Quod
544 2972 655 3016 vorum
680 2971 753 3017 esse
772 2954 859 3017 baud
878 2955 948 3017 scio
965 2955 1089 3035 anjam
1107 2973 1145 3018 ex
1163 2973 1203 3016 eo
1219 2953 1460 3033 comprobetur,
1482 2954 1569 3035 quod
1589 2954 1676 3035 apud
1694 2951 1886 3016 Ciceronem
1904 2948 2043 3030 quidem

227 3059 351 3122 nullum
387 3060 573 3142 exemplum
607 3061 704 3123 huius
738 3061 940 3141 conJunctivi
965 3080 1071 3142 praes.
1097 3060 1153 3124 lut.
1180 3061 1320 3142 peripbr.
1346 3080 1425 3124 usus
1449 3060 1482 3123 in
1506 3061 1654 3142 apodosi‚
1681 3077 1765 3142 (puae
1790 3056 1952 3120 sententia
1977 3058 2044 3136 pri·
2110 3112 2117 3118 .

227 3167 329 3230 maria
363 3173 421 3242 est,
457 3167 603 3230 invenire
629 3166 711 3229 licet.
759 3166 852 3245 Quod
878 3169 964 3231 enim
990 3168 1095 3231 attulit
1120 3186 1169 3231 ex.
1196 3167 1293 3230 liuius
1317 3169 1363 3231 rei
1388 3167 1522 3231 Kiihner
1546 3167 1648 3247 (Ansl.
1676 3167 1742 3229 Lat.
1769 3164 1822 3228 Gr.
1847 3162 1869 3247 ξ
1894 3162 1968 3235 214,
1999 3164 2041 3242 1),

225 3275 257 3338 id
292 3274 461 3338 decurtata
494 3283 527 3339 et
559 3274 708 3337 mutilata
740 3273 845 3338 sonna
878 3281 927 3337 est
960 3274 1103 3338 allatum.
1153 3273 1208 3337 Est
1231 3274 1309 3338 illud
1334 3294 1373 3337 ex
1398 3293 1448 3354 ep.
1474 3275 1514 3336 ad
1540 3273 1602 3336 Att.
1629 3273 1680 3348 lV‚
1708 3274 1758 3347 17,
1786 3273 1800 3334 1
1827 3270 2040 3349 desumptum

225 3381 421 3463 exemplum,
456 3381 543 3462 quod
574 3381 643 3461 jani
678 3381 891 3462 ascripsimus
925 3382 1010 3445 inter
1041 3401 1090 3445 ex.
1125 3381 1210 3462 conj.
1244 3400 1349 3462 praes
1376 3380 1431 3443 lut.
1459 3380 1599 3462 peripbr.
1626 3382 1657 3442 in
1682 3375 1852 3442 seruantia
1875 3371 2039 3451 relatiua,

225 3507 309 3570 quae
344 3488 505 3570 apodosin
541 3487 661 3551 efficiat
689 3488 885 3569 sumptionis
911 3488 958 3550 rei
983 3487 1148 3568 possibilis
1172 3488 1258 3550 illius
1285 3488 1416 3571 quidem
1441 3487 1498 3549 sed
1524 3488 1676 3550 incertae.
1725 3484 1819 3566 Apud
1844 3482 2038 3546 Kiilrnerum

225 3595 303 3658 illud
328 3615 377 3659 ex.
404 3595 466 3659 bac
491 3595 596 3659 forma
620 3594 768 3657 indutum
794 3600 856 3657 est:
883 3594 1008 3658 litterae
1032 3596 1060 3657 si
1084 3594 1228 3675 perlatae
1254 3615 1320 3659 non
1344 3596 1417 3667 sint,
1444 3594 1523 3657 nihil
1548 3613 1587 3658 ea
1610 3611 1663 3656 res
1688 3611 1748 3655 nos
1772 3591 1937 3654 ollensura
1961 3588 2013 3651 sit.

385 3701 478 3784 ConJ'.
504 3698 602 3787 ineps.
629 3700 685 3764 lut.
711 3701 851 3782 peripbr.

384 3809 474 3889 Quae
499 3808 650 3890 exempla
673 3808 738 3871 huc
763 3808 935 3889 pertinent,
966 3826 1006 3871 ea
1030 3814 1159 3888 praeter
1182 3827 1282 3872 unum
1308 3810 1418 3873 omnia
1442 3807 1613 3872 relerenda
1636 3812 1712 3869 sunt
1736 3804 1776 3867 ad
1801 3804 1929 3866 tertium
1954 3799 2035 3864 illud

223 3917 433 3998 periodorum
458 3915 744 3998 hypotheticarum
769 3933 881 3995 genus,
907 3916 940 3977 iu
964 3915 1083 3996 quibus
1107 3914 1230 3996 aliquid
1255 3922 1411 3991 sumatur,
1437 3916 1524 3998 quod
1551 3915 1596 3977 rei
1614 3913 1740 3976 veritati
1760 3910 1958 3974 contrarium
1978 3919 2038 3974 aut

222 4024 388 4104 praesenti
422 4030 569 4104 tempore
604 4022 646 4084 sit
679 4020 776 4106 (conj.
811 4021 915 4102 impl.)
939 4028 995 4084 aut
1019 4022 1193 4102 praeterito
1218 4027 1364 4103 tempore
1388 4030 1475 4087 esset
1503 4019 1600 4107 (conj.
1628 4017 1870 4101 plusquampl.).
1928 4018 2036 4082 Brevi-

224 4131 297 4193 tatis
322 4149 424 4194 causa
449 4130 512 4194 hoc
536 4148 641 4209 genus
666 4127 875 4209 periodorum
900 4128 1067 4211 hypotbet.
1093 4146 1195 4208 genus
1219 4129 1448 4192 condicionale
1473 4128 1523 4191 vel
1548 4126 1663 4190 irreale
1688 4132 1786 4207 atque
1802 4126 1887 4206 conj.
1906 4125 2033 4206 imperf.

222 4238 255 4299 in
290 4237 428 4318 apodosi
462 4234 725 4300 condicionalem
759 4234 781 4309 l,
808 4235 895 4316 conj.
920 4234 1231 4316 plusquarnperlecti
1255 4235 1516 4299 condicionalem
1544 4233 1566 4296 ll
1593 4230 1840 4315 appellabimus.
1890 4233 2034 4295 Protasis

222 4351 278 4407 aut
302 4344 465 4408 sententia
489 4342 687 4407 secundaria
712 4341 762 4405 vel
788 4343 959 4423 participio
985 4360 1140 4423 expressa
1164 4349 1211 4404 est
1236 4349 1292 4406 aut
1316 4341 1542 4406 tantummodo
1561 4341 1757 4420 cogitatione
1776 4338 2031 4420 cstsupplenda.

224 4450 398 4515 Causalem
423 4450 474 4514 vel
499 4450 744 4514 consecutivam
770 4449 835 4511 vim
860 4447 957 4513 habet
982 4449 1144 4512 sententia
1168 4449 1303 4512 relativa
1327 4449 1368 4512 ad
1392 4467 1485 4512 suam
1510 4447 1704 4511 sententiam
1719 4448 1904 4528 primariam
1919 4444 2030 4508 relata.

383 4557 541 4638 Exempla
565 4562 641 4620 sunt
665 4556 763 4619 baec:

381 4663 418 4727 N.
444 4663 484 4727 D.
511 4663 536 4726 ll
561 4663 583 4748 ξ
611 4664 686 4726 141:
722 4662 891 4726 architecti
915 4667 1065 4725 avertunt
1089 4660 1131 4724 ab
1155 4662 1260 4726 oculis
1284 4661 1491 4725 dominorum
1517 4680 1566 4736 ea,
1593 4679 1677 4743 quae
1702 4659 1896 4742 profluentia
1921 4677 2031 4722 neces·

223 4773 310 4836 sario
336 4772 428 4835 taetri
453 4775 566 4834 esseut
589 4769 711 4852 aliquid
737 4764 911 4833 habitura.

381 4878 415 4941 ln
444 4875 666 4964 profluentia
703 4876 855 4939 nimirum
889 4876 973 4938 inest
997 4875 1150 4956 protasis:
1185 4875 1212 4938 si
1236 4873 1448 4956 profluerent;
1484 4877 1598 4939 essent
1620 4871 1786 4939 traditura.
1809 4879 1916 4936 autem
1943 4872 2029 4935 haud

220 4988 289 5050 scie
313 5005 355 5050 an
380 5004 439 5065 pro
464 4983 685 5050 condicionali
710 4982 720 5046 l
745 4984 790 5046 ita
814 4983 955 5062 positum
980 4982 1030 5057 sit,
1057 4988 1091 5044 ut
1114 5000 1207 5045 suam
1232 4983 1398 5064 propriam
1422 4979 1634 5046 necessitatis
1659 4982 1723 5045 vim
1747 4981 1894 5044 retineat.

380 5093 443 5156 Pro
478 5089 701 5155 condicionali
735 5089 747 5151 l
781 5088 919 5153 fortasse
953 5087 1140 5153 habendum
1175 5089 1272 5151 etiam
1306 5088 1385 5152 illud
1418 5087 1543 5169 impert.
1569 5089 1654 5168 eouj.
1681 5087 1736 5151 lut.
1763 5088 1915 5170 periphr,
1941 5085 2029 5168 quod

219 5201 335 5282 legitur
