4274 5790
218 273 239 332 6

331 445 410 511 Sull.
435 446 457 530 ,ξ
482 452 537 511 88;
563 446 607 512 sit
629 446 833 514 traditurus.
882 449 928 514 De
953 450 1058 514 Domo
1075 448 1142 514 Sua
1162 448 1214 516 Or.
1235 450 1330 535 §to
1355 448 1581 535 adfuturum.
1616 451 1738 516 Murco.
1755 452 1777 538 ξ
1795 451 1851 516 85:
1879 450 1980 535 impc-

174 549 283 618 diturt'
304 551 420 641 st'nt(?)
445 555 552 618 Locus
577 556 719 619 mutilus.

333 748 580 838 Imperfectum
605 753 690 833 conj.
717 752 772 816 lut.
798 753 939 835 periphr.
965 755 997 817 in
1023 755 1185 819 sententia
1209 754 1344 818 relativa
1369 754 1447 818 nulli
1472 754 1621 836 subjecta
1645 756 1843 820 condicioni.

331 948 372 1012 Ut
404 949 489 1030 conj.
517 966 637 1032 praes.
672 951 769 1014 etiam
805 947 941 1037 imperf.
975 952 1061 1032 conj.
1096 950 1152 1015 lut.
1187 952 1329 1033 periphr.
1355 952 1453 1015 variis
1476 952 1769 1033 significationibus
1793 958 1979 1035 usurpatur,

172 1072 255 1139 quae
280 1054 321 1118 ad
346 1056 479 1120 totidem
504 1074 624 1136 genera
648 1057 761 1121 referri
784 1077 882 1139 posse
907 1058 1066 1123 videntur.
1137 1091 1150 1119 s

334 1200 363 1278 l)
388 1199 434 1262 De
459 1217 508 1273 eo,
534 1200 623 1282 quod
647 1201 720 1283 quis
744 1201 777 1264 in
801 1202 912 1265 animo
936 1200 1079 1266 habebat
1103 1201 1221 1266 lacere.

332 1305 393 1369 Att
418 1306 471 1380 111,
499 1307 549 1382 10,
578 1310 610 1370 l:
636 1308 790 1372 volumen
815 1308 876 1372 sibi
901 1310 1085 1374 ostendisse
1109 1309 1267 1373 orationis
1289 1311 1346 1388 (so.
1365 1307 1423 1387 Qu.
1443 1306 1542 1370 lilium
1562 1306 1596 1371 Ρ.
1614 1307 1787 1372 Terentius
1804 1304 1981 1392 narrabat),

173 1431 270 1494 quam
296 1413 383 1494 apud
408 1412 582 1478 Caesarem
607 1421 723 1479 contra
747 1434 799 1479 me
824 1421 912 1480 esset
935 1413 1127 1481 habitarae.
1809 1480 1816 1494 ,

333 1518 455 1584 Muren.
488 1519 511 1607 ξ
544 1521 601 1586 5οε
637 1523 770 1588 minime
795 1524 943 1588 timidum
968 1531 1000 1588 et
1024 1525 1118 1590 valde
1143 1524 1371 1589 calamitosum
1395 1539 1468 1585 esse
1493 1528 1644 1603 oportere
1668 1539 1743 1584 eum
1768 1519 1825 1606 (sc.
1851 1519 1983 1584 dicebat

172 1623 335 1707 Catilina),
361 1629 416 1710 qui
441 1627 694 1717 essetsutaras
718 1630 783 1694 dux
808 1637 841 1694 et
863 1631 996 1713 signifer
1019 1631 1296 1696 calamitosorum.

333 1734 379 1797 De
404 1734 491 1800 Orat.
517 1736 543 1800 ll
567 1735 590 1823 ξ
614 1739 670 1801 71;
697 1737 865 1819 praeclare
891 1739 969 1802 mihi
992 1739 1113 1803 videris
1137 1739 1287 1821 posuisse
1311 1743 1387 1800 ante
1411 1734 1537 1810 oculos,
1562 1733 1641 1817 quid
1665 1734 1792 1799 discere
1816 1740 1981 1816 oporteret

172 1858 256 1916 eum,
283 1843 339 1924 qui
364 1847 476 1906 orator
500 1847 588 1908 esset
599 1844 762 1931 suturas.

332 1949 514 2014 Relativam
548 1971 680 2034 quoque
705 1952 900 2016 sententiam
925 1952 1173 2017 adorationem
1198 1951 1365 2034 obliquam
1391 1951 1563 2032 pertinere,
1589 1949 1801 2032 conjunctivo
1826 1949 1925 2013 modo
1950 1954 1983 2013 et

171 2056 363 2136 imperfecto
395 2064 542 2139 tempore
577 2064 733 2123 notatum.
783 2059 880 2123 Extra
909 2059 996 2123 enim
1026 2059 1222 2141 pendentem
1248 2059 1430 2122 orationem
1455 2058 1561 2139 posita
1584 2057 1655 2120 sine
1680 2057 1779 2120 dubio
1805 2055 1887 2119 haec
1911 2074 1982 2119 sen·

174 2163 274 2226 tentia
308 2163 452 2240 relativa,
487 2170 600 2246 utpote
634 2183 719 2249 quae
753 2167 971 2230 universalem
1006 2167 1149 2231 notionis
1181 2166 1435 2265 descriptionem
1468 2163 1644 2238 contineat,
1679 2163 1742 2228 hoc
1776 2162 1875 2227 modo
1908 2181 1981 2227 sese

171 2268 320 2333 haberet:
354 2289 439 2347 euin,
474 2272 529 2354 qui
563 2280 673 2336 orator
706 2277 758 2337 est
775 2269 938 2360 saturus.
986 2272 1080 2338 Nune
1113 2292 1201 2348 vero,
1236 2291 1336 2355 quum
1360 2273 1443 2336 haee
1468 2289 1599 2354 quoque
1623 2271 1785 2334 sententia
1809 2270 1982 2352 pendentis

175 2373 249 2439 loco
283 2377 391 2457 posita
423 2377 474 2451 sit,
511 2378 626 2443 eadem
660 2386 710 2443 est
742 2380 772 2444 ei
803 2381 959 2462 temporis
992 2387 1023 2444 et
1056 2381 1145 2444 modi
1177 2380 1270 2456 rati0,
1296 2397 1381 2461 quae
1405 2379 1586 2443 sententiae
1610 2379 1870 2460 interrogativae,
1897 2396 1981 2460 quae

172 2481 329 2546 nimirum
352 2490 528 2565 propterea
552 2492 699 2567 tempore
724 2486 930 2569 imperfecto:
956 2491 1132 2571 oporteret
1146 2489 1254 2562 utitur,
1273 2487 1362 2569 quod
1378 2505 1418 2549 ex
1435 2485 1594 2550 infinitivo
1611 2486 1801 2568 praeterito:
1824 2481 1982 2568 posuisse

170 2589 300 2669 pendet,
336 2609 536 2674 quamquam
570 2593 707 2658 ethaeo
732 2594 864 2676 quidem
889 2596 1052 2658 sententia
1076 2613 1173 2658 omne
1197 2601 1327 2675 tempus
1351 2593 1580 2675 complectitur
1602 2592 1743 2675 ideoque
1768 2610 1829 2655 nos
1853 2592 1886 2655 in
1911 2609 1979 2655 ver·

171 2698 271 2762 tendo
295 2702 459 2780 praesenti
483 2702 605 2765 utimur
629 2708 785 2784 tempore.

332 2807 419 2871 Brut.
451 2807 473 2893 ξ
505 2808 584 2872 302;
618 2809 771 2874 attulerat
802 2812 859 2889 (se.
895 2808 1100 2888 Hortensius)
1133 2809 1266 2872 minime
1290 2807 1422 2888 vulgare
1446 2827 1549 2889 genus
1573 2806 1716 2871 dicendi:
1742 2806 1825 2869 duas
1849 2806 1980 2888 quidem

172 2929 233 2986 res,
259 2932 341 2995 quas
366 2932 463 2978 nemo
487 2913 585 2978 alius:
612 2916 813 2997 partitiones,
839 2915 958 2998 quibus
983 2915 1022 2980 de
1047 2915 1145 2979 rebus
1170 2912 1326 2979 dicturus
1350 2917 1447 2994 esset,
1472 2921 1504 2978 et
1524 2912 1737 2979 collectiones
1754 2931 1877 2987 eorum,
1896 2915 1981 2995 quae

171 3025 281 3083 essent
305 3020 392 3084 dicta
416 3028 540 3097 eontra,
567 3014 717 3106 quaeque
741 3024 811 3105 ipse
836 3023 979 3087 dixisset.

336 3128 473 3192 »Eorum
499 3148 603 3212 quae»
630 3131 821 3212 conjectura
845 3136 895 3195 est
918 3129 1039 3205 Orellii,
1064 3150 1083 3193 a
1108 3130 1244 3204 Klotzio
1270 3128 1400 3205 Piderit,
1425 3128 1498 3191 aliis
1515 3134 1655 3210 recepta.
1691 3125 1849 3191 Codicum
1867 3125 1979 3190 lectio:

172 3239 362 3299 memoret
385 3255 486 3320 quae,
512 3256 609 3319 quam
634 3238 766 3301 retinuit
790 3238 964 3320 Kayserus.

333 3341 454 3406 Piderit
486 3343 664 3419 adnotavit,
704 3364 835 3409 »eorum
869 3364 972 3427 quae»
1008 3346 1079 3409 sine
1113 3345 1213 3408 dubio
1242 3363 1314 3408 esse
1339 3343 1511 3424 legendum
1536 3349 1635 3425 atque
1659 3342 1756 3424 plane
1781 3340 1980 3422 respondere

174 3447 321 3512 membro
354 3451 469 3531 priori:
498 3449 716 3534 partitiones,
750 3447 927 3536 quibua..
948 3502 989 3526 ..,
1025 3452 1111 3516 unde
1144 3458 1288 3534 apparet,
1322 3470 1397 3515 eum
1422 3451 1633 3514 sententiam:
1657 3444 1783 3534 quibas
1807 3445 1852 3513 tle
1876 3444 1981 3512 rebus

173 3560 262 3618 esset
284 3552 440 3621 dicturas
464 3577 524 3639 pro
546 3560 708 3622 sententia
725 3558 860 3622 relativa
877 3558 998 3623 habere
1015 3565 1113 3641 atque
1130 3560 1259 3640 proprie
1276 3560 1308 3621 in
1326 3561 1488 3623 sententia
1505 3558 1659 3640 primaria
1675 3574 1748 3620 esse
1765 3555 1979 3620 audiendum:

173 3679 450 3728 rerumrerum.

333 3770 423 3850 Quae
447 3778 556 3836 autem
581 3790 682 3836 eausa
706 3773 907 3854 conjunctivi
931 3772 1075 3854 ponendi
1101 3772 1204 3849 suerit,
1230 3771 1361 3838 difficile
1385 3792 1465 3837 sane
1490 3773 1578 3837 dictu
1603 3773 1651 3836 sit.
1677 3770 1835 3853 Equidem
1856 3768 1979 3832 nullam

173 3874 269 3939 aliam
303 3879 398 3942 video
433 3880 617 3961 explicandi
654 3881 813 3944 rationem
848 3898 947 3962 quam
980 3898 1063 3954 earn,
1098 3900 1163 3961 qua
1198 3880 1358 3955 statuitur,
1393 3881 1639 3963 conjunctivum
1663 3879 1716 3942 hic
1741 3896 1813 3942 esse
1838 3877 1979 3957 positum

172 3982 213 4045 ad
237 4002 306 4048 rem
330 3987 479 4050 iteratam
503 3986 761 4067 significandam.
809 3987 870 4066 Qui
895 3987 1097 4068 conjunctivi
1120 4007 1200 4051 usus
1224 4007 1325 4070 quum
1351 3988 1453 4069 magis
1477 3989 1652 4052 abhorreat
1675 4006 1694 4051 a
1719 3984 1888 4050 Ciceronis
1906 3983 1980 4046 seri-

172 4089 270 4154 bendi
302 4111 431 4174 genere,
464 4098 641 4176 quaeritur,
678 4115 754 4159 num
792 4095 872 4159 haee
906 4094 1080 4159 dilticultas
1117 4094 1183 4158 ullo
1219 4094 1317 4158 modo
1351 4094 1465 4157 evitari
1489 4095 1602 4176 possit.
1652 4093 1698 4157 Ac
1724 4093 1835 4157 nescio
1860 4109 1903 4154 an
1927 4108 1980 4153 res

171 4198 413 4280 simplicissime
437 4201 635 4276 absolvatur,
662 4203 688 4265 si
713 4203 865 4266 codicum
891 4202 1066 4266 lectionem
1095 4221 1240 4266 »memor
1263 4209 1313 4266 et»
1341 4203 1528 4265 retinemus.

330 4308 412 4372 Tum
447 4310 599 4373 nimirum
633 4310 863 4389 conjunctivus
896 4316 971 4391 post
1008 4291 1171 4373 »memorv
1204 4311 1236 4373 in
1261 4310 1453 4392 quaestione
1478 4309 1637 4373 indirecta
1665 4309 1789 4389 legitur,
1816 4312 1914 4388 atque
1939 4304 1980 4367 ad

171 4413 416 4480 similitudinem
452 4415 549 4498 plane
582 4416 788 4480 efficiendam
812 4418 910 4480 etiam
935 4417 1023 4498 prior
1047 4418 1291 4497 conjunctivus:
1323 4413 1478 4480 (licturus
1503 4420 1590 4480 esset
1614 4416 1730 4479 eodem
1757 4414 1854 4477 modo
1880 4411 1979 4492 expli-

172 4522 298 4586 candus
330 4530 387 4587 est.
436 4524 642 4588 Vocabulum
667 4524 764 4600 enim,
800 4525 887 4606 quod
912 4531 961 4588 est
979 4522 1133 4607 pertitio
1160 4542 1257 4607 quam
1283 4523 1552 4604 significationem
1578 4523 1608 4585 h.
1634 4523 1653 4585 1.
1679 4522 1807 4594 habeat,
1833 4521 1860 4582 si
1885 4536 1981 4600 quae·

171 4648 290 4705 remus
325 4631 530 4695 inveniemus
563 4631 649 4694 idem
684 4631 867 4711 significare
900 4638 998 4714 atque
1033 4628 1156 4696 dioisio
1185 4632 1219 4694 in
1243 4631 1383 4695 Herenn.
1410 4631 1526 4716 154:
1553 4627 1676 4695 tliet'sio
1701 4633 1760 4700 est,
1780 4645 1848 4711 per
1871 4644 1980 4710 quem

172 4736 390 4822 reponimus,
415 4736 541 4823 quibus
570 4736 614 4802 cle
637 4735 741 4803 rebus
764 4736 874 4802 simus
898 4737 1027 4820 acturi·
1060 4747 1156 4822 atque
1175 4739 1387 4813 constructio,
1408 4757 1505 4820 quarn
1523 4743 1652 4812 vocant,
1671 4737 1767 4800 huius
1784 4734 1981 4799 substantivi

171 4845 321 4922 verbalis,
348 4864 412 4928 qua
437 4866 511 4909 cum
537 4847 729 4928 quaestione
753 4846 912 4910 indirecta
930 4848 1147 4928 conjungitur,
1166 4847 1380 4910 confirmatur
1395 4854 1493 4927 atque
1510 4845 1690 4909 illustratur
1707 4844 1810 4908 altero
1827 4844 1979 4926 exemplo

170 4972 210 5017 ex
243 4953 358 5018 eodem
393 4952 503 5017 libello
536 4960 677 5035 sumpto,
711 4953 753 5017 111
783 4952 805 5038 ξ
830 4953 885 5017 52;
911 4955 996 5018 inter
1019 4954 1104 5017 hanc
1128 4954 1324 5017 divisionem
1350 4959 1381 5016 et
1405 4951 1493 5015 illam
1520 4953 1582 5016 hoe
1607 4953 1760 5016 interest:
1786 4951 1842 5015 illa
1866 4952 1981 5016 dividit

171 5079 229 5142 per
261 5062 540 5125 enumerationem
574 5067 630 5123 aut
662 5078 721 5142 per
754 5062 1001 5141 expositionem,
1036 5060 1155 5142 quibus
1188 5061 1228 5124 de
1262 5060 1360 5125 rebus
1385 5078 1443 5140 per
1467 5066 1569 5122 totam
1593 5061 1777 5124 orationem
1802 5060 1979 5142 disputatio

173 5166 280 5234 lutura
304 5169 353 5232 sit.
380 5166 443 5234 Ct'r.
470 5167 516 5232 De
542 5165 629 5233 Orat.
655 5167 694 5231 111
720 5167 743 5255 ξ
767 5167 851 5232 203:
877 5169 1133 5250 propositioque,
1160 5168 1237 5250 quid
1262 5169 1306 5231 sis
1331 5168 1486 5231 dicturus
