<?xml version="1.0" encoding="UTF-8"?>
<!DOCTYPE html PUBLIC "-//W3C//DTD XHTML 1.0 Transitional//EN"
    "http://www.w3.org/TR/xhtml1/DTD/xhtml1-transitional.dtd">
<html xmlns="http://www.w3.org/1999/xhtml" xml:lang="en" lang="en">
 <head>
  <title>
</title>
<meta http-equiv="Content-Type" content="text/html;charset=utf-8" />
  <meta name='ocr-system' content='tesseract 3.04.00' />
  <meta name='ocr-capabilities' content='ocr_page ocr_carea ocr_par ocr_line ocrx_word'/>
</head>
<body>
  <div class='ocr_page' id='page_1' title='image "./devietusuconjun00lindgoog_0052.png"; bbox 0 0 4320 5796; ppageno 0'>
   <div class='ocr_carea' id='block_1_1' title="bbox 1927 255 1972 319">
    <p class='ocr_par' dir='ltr' id='par_1_1' title="bbox 1927 255 1972 319">
     <span class='ocr_line' id='line_1_1' title="bbox 1927 255 1972 319; baseline 0 0"><span class='ocrx_word' id='word_1_1' title='bbox 1927 255 1972 319; x_wconf 84' lang='lat'>43</span> 
     </span>
    </p>
   </div>
   <div class='ocr_carea' id='block_1_2' title="bbox 205 432 2016 712">
    <p class='ocr_par' dir='ltr' id='par_1_2' title="bbox 205 432 2016 712">
     <span class='ocr_line' id='line_1_2' title="bbox 368 432 2013 515; baseline 0 -19"><span class='ocrx_word' id='word_1_2' title='bbox 368 432 459 512; x_wconf 87' lang='lat' dir='ltr'><strong>Quae</strong></span> <span class='ocrx_word' id='word_1_3' title='bbox 483 433 524 497; x_wconf 87' lang='lat' dir='ltr'>ad</span> <span class='ocrx_word' id='word_1_4' title='bbox 549 434 638 514; x_wconf 90' lang='lat' dir='ltr'>prius</span> <span class='ocrx_word' id='word_1_5' title='bbox 662 453 764 514; x_wconf 90' lang='lat' dir='ltr'>genus</span> <span class='ocrx_word' id='word_1_6' title='bbox 789 434 951 514; x_wconf 73' lang='lat' dir='ltr'>pertinent</span> <span class='ocrx_word' id='word_1_7' title='bbox 974 433 1133 514; x_wconf 88' lang='lat' dir='ltr'>exempla,</span> <span class='ocrx_word' id='word_1_8' title='bbox 1158 435 1190 496; x_wconf 91' lang='lat' dir='ltr'>in</span> <span class='ocrx_word' id='word_1_9' title='bbox 1216 434 1254 496; x_wconf 90' lang='lat' dir='ltr'>iis</span> <span class='ocrx_word' id='word_1_10' title='bbox 1278 452 1413 498; x_wconf 87' lang='lat' dir='ltr'>cernere</span> <span class='ocrx_word' id='word_1_11' title='bbox 1437 434 1510 498; x_wconf 88' lang='lat' dir='ltr'>licet</span> <span class='ocrx_word' id='word_1_12' title='bbox 1537 440 1601 498; x_wconf 89' lang='lat' dir='ltr'>tres</span> <span class='ocrx_word' id='word_1_13' title='bbox 1626 434 1699 497; x_wconf 87' lang='lat' dir='ltr'>illas</span> <span class='ocrx_word' id='word_1_14' title='bbox 1724 433 1847 498; x_wconf 85' lang='lat' dir='ltr'>formae</span> <span class='ocrx_word' id='word_1_15' title='bbox 1872 433 2013 515; x_wconf 89' lang='lat' dir='ltr'>periphr.</span> 
     </span>
     <span class='ocr_line' id='line_1_3' title="bbox 207 538 2016 625; baseline 0.001 -22"><span class='ocrx_word' id='word_1_16' title='bbox 207 538 462 621; x_wconf 87' lang='lat' dir='ltr'>significationes</span> <span class='ocrx_word' id='word_1_17' title='bbox 496 540 527 621; x_wconf 90' lang='lat'>1)</span> <span class='ocrx_word' id='word_1_18' title='bbox 551 538 649 604; x_wconf 87' lang='lat' dir='ltr'>tuturi</span> <span class='ocrx_word' id='word_1_19' title='bbox 673 541 837 621; x_wconf 87' lang='lat' dir='ltr'>temporis,</span> <span class='ocrx_word' id='word_1_20' title='bbox 868 544 900 621; x_wconf 83' lang='lat'>2)</span> <span class='ocrx_word' id='word_1_21' title='bbox 925 540 1101 604; x_wconf 90' lang='lat' dir='ltr'>voluntatis</span> <span class='ocrx_word' id='word_1_22' title='bbox 1125 546 1157 604; x_wconf 91' lang='lat' dir='ltr'>et</span> <span class='ocrx_word' id='word_1_23' title='bbox 1180 541 1317 616; x_wconf 89' lang='lat' dir='ltr'>consilii,</span> <span class='ocrx_word' id='word_1_24' title='bbox 1344 540 1377 625; x_wconf 77' lang='lat'>3)</span> <span class='ocrx_word' id='word_1_25' title='bbox 1402 543 1572 624; x_wconf 90' lang='lat' dir='ltr'>potestatis</span> <span class='ocrx_word' id='word_1_26' title='bbox 1595 549 1628 606; x_wconf 91' lang='lat' dir='ltr'>et</span> <span class='ocrx_word' id='word_1_27' title='bbox 1651 541 1826 605; x_wconf 73' lang='lat' dir='ltr'><strong>facultatis,</strong></span> <span class='ocrx_word' id='word_1_28' title='bbox 1875 539 2016 605; x_wconf 81' lang='lat' dir='ltr'>Alterius</span> 
     </span>
     <span class='ocr_line' id='line_1_4' title="bbox 205 645 755 712; baseline -0.002 -2"><span class='ocrx_word' id='word_1_29' title='bbox 205 645 324 711; x_wconf 86' lang='lat' dir='ltr'>classis</span> <span class='ocrx_word' id='word_1_30' title='bbox 347 665 449 711; x_wconf 92' lang='lat' dir='ltr'>unum</span> <span class='ocrx_word' id='word_1_31' title='bbox 473 652 597 710; x_wconf 87' lang='lat' dir='ltr'>tantum</span> <span class='ocrx_word' id='word_1_32' title='bbox 622 665 672 710; x_wconf 88' lang='lat' dir='ltr'>ex.</span> <span class='ocrx_word' id='word_1_33' title='bbox 697 652 755 712; x_wconf 88' lang='lat' dir='ltr'>est.</span> 
     </span>
    </p>
   </div>
   <div class='ocr_carea' id='block_1_3' title="bbox 531 832 1690 918">
    <p class='ocr_par' dir='ltr' id='par_1_3' title="bbox 531 832 1690 918">
     <span class='ocr_line' id='line_1_5' title="bbox 531 832 1690 918; baseline 0 -21"><span class='ocrx_word' id='word_1_34' title='bbox 531 834 551 897; x_wconf 92' lang='lat' dir='ltr'>l.</span> <span class='ocrx_word' id='word_1_35' title='bbox 600 832 689 898; x_wconf 90' lang='lat' dir='ltr'>Sent.</span> <span class='ocrx_word' id='word_1_36' title='bbox 715 833 1120 917; x_wconf 61' lang='lat' dir='ltr'>mpetu—comparativa</span> <span class='ocrx_word' id='word_1_37' title='bbox 1144 835 1224 899; x_wconf 91' lang='lat' dir='ltr'>nulli</span> <span class='ocrx_word' id='word_1_38' title='bbox 1248 836 1436 901; x_wconf 89' lang='lat' dir='ltr'>condicioni</span> <span class='ocrx_word' id='word_1_39' title='bbox 1461 842 1510 900; x_wconf 90' lang='lat' dir='ltr'>est</span> <span class='ocrx_word' id='word_1_40' title='bbox 1533 836 1690 918; x_wconf 86' lang='lat' dir='ltr'>subjecta.</span> 
     </span>
    </p>
   </div>
   <div class='ocr_carea' id='block_1_4' title="bbox 171 975 2015 4802">
    <p class='ocr_par' dir='ltr' id='par_1_4' title="bbox 369 975 1353 1060">
     <span class='ocr_line' id='line_1_6' title="bbox 369 975 1353 1060; baseline 0.002 -22"><span class='ocrx_word' id='word_1_41' title='bbox 369 976 399 1056; x_wconf 78' lang='lat'>1)</span> <span class='ocrx_word' id='word_1_42' title='bbox 423 975 536 1039; x_wconf 85' lang='lat' dir='ltr'>Futuri</span> <span class='ocrx_word' id='word_1_43' title='bbox 559 975 715 1057; x_wconf 88' lang='lat' dir='ltr'>temporis</span> <span class='ocrx_word' id='word_1_44' title='bbox 738 976 788 1039; x_wconf 88' lang='lat' dir='ltr'>vis</span> <span class='ocrx_word' id='word_1_45' title='bbox 811 976 844 1038; x_wconf 89' lang='lat' dir='ltr'>in</span> <span class='ocrx_word' id='word_1_46' title='bbox 869 975 973 1041; x_wconf 85' lang='lat' dir='ltr'>torma</span> <span class='ocrx_word' id='word_1_47' title='bbox 997 978 1234 1060; x_wconf 88' lang='lat' dir='ltr'>periphrastica</span> <span class='ocrx_word' id='word_1_48' title='bbox 1257 979 1353 1042; x_wconf 88' lang='lat' dir='ltr'>inest.</span> 
     </span>
    </p>

    <p class='ocr_par' dir='ltr' id='par_1_5' title="bbox 206 1081 2015 1379">
     <span class='ocr_line' id='line_1_7' title="bbox 368 1081 2015 1173; baseline 0 -26"><span class='ocrx_word' id='word_1_49' title='bbox 368 1082 414 1147; x_wconf 91' lang='lat' dir='ltr'>De</span> <span class='ocrx_word' id='word_1_50' title='bbox 438 1083 521 1163; x_wconf 91' lang='lat' dir='ltr'>Lege</span> <span class='ocrx_word' id='word_1_51' title='bbox 545 1081 656 1164; x_wconf 79' lang='lat' dir='ltr'>Agrai.</span> <span class='ocrx_word' id='word_1_52' title='bbox 682 1101 728 1146; x_wconf 90' lang='lat' dir='ltr'>or.</span> <span class='ocrx_word' id='word_1_53' title='bbox 754 1082 779 1145; x_wconf 94' lang='lat' dir='ltr'>ll</span> <span class='ocrx_word' id='word_1_54' title='bbox 804 1082 826 1169; x_wconf 65' lang='grc' dir='ltr'>ξ</span> <span class='ocrx_word' id='word_1_55' title='bbox 849 1083 905 1147; x_wconf 77' lang='grc' dir='ltr'>47ε</span> <span class='ocrx_word' id='word_1_56' title='bbox 931 1083 1037 1166; x_wconf 90' lang='lat' dir='ltr'>plane,</span> <span class='ocrx_word' id='word_1_57' title='bbox 1064 1087 1157 1168; x_wconf 81' lang='lat' dir='ltr'>quasi</span> <span class='ocrx_word' id='word_1_58' title='bbox 1181 1104 1220 1149; x_wconf 90' lang='lat' dir='ltr'>ea</span> <span class='ocrx_word' id='word_1_59' title='bbox 1245 1104 1296 1149; x_wconf 92' lang='lat' dir='ltr'>res</span> <span class='ocrx_word' id='word_1_60' title='bbox 1321 1085 1414 1150; x_wconf 85' lang='lat' dir='ltr'>vobis</span> <span class='ocrx_word' id='word_1_61' title='bbox 1432 1084 1667 1173; x_wconf 83' lang='lat' dir='ltr'>salutisuturo</span> <span class='ocrx_word' id='word_1_62' title='bbox 1684 1082 1736 1163; x_wconf 84' lang='lat' dir='ltr'>sit,</span> <span class='ocrx_word' id='word_1_63' title='bbox 1754 1085 1798 1148; x_wconf 87' lang='lat' dir='ltr'>ita</span> <span class='ocrx_word' id='word_1_64' title='bbox 1814 1085 2015 1167; x_wconf 89' lang='lat' dir='ltr'>cogitatque</span> 
     </span>
     <span class='ocr_line' id='line_1_8' title="bbox 206 1189 1277 1271; baseline -0.001 -19"><span class='ocrx_word' id='word_1_65' title='bbox 206 1189 353 1271; x_wconf 89' lang='lat' dir='ltr'>imperat.</span> <span class='ocrx_word' id='word_1_66' title='bbox 1274 1250 1277 1263; x_wconf 83' lang='grc'><strong><em>,</em></strong></span> 
     </span>
     <span class='ocr_line' id='line_1_9' title="bbox 370 1295 2015 1379; baseline 0.004 -25"><span class='ocrx_word' id='word_1_67' title='bbox 370 1296 488 1377; x_wconf 74' lang='lat' dir='ltr'>»Quasi</span> <span class='ocrx_word' id='word_1_68' title='bbox 522 1295 629 1360; x_wconf 86' lang='lat' dir='ltr'>lutura</span> <span class='ocrx_word' id='word_1_69' title='bbox 663 1297 723 1359; x_wconf 76' lang='lat' dir='ltr'>sit»</span> <span class='ocrx_word' id='word_1_70' title='bbox 759 1298 978 1379; x_wconf 86' lang='lat' dir='ltr'>sumptionem</span> <span class='ocrx_word' id='word_1_71' title='bbox 1011 1299 1057 1362; x_wconf 91' lang='lat' dir='ltr'>rei</span> <span class='ocrx_word' id='word_1_72' title='bbox 1092 1317 1157 1363; x_wconf 90' lang='lat' dir='ltr'>non</span> <span class='ocrx_word' id='word_1_73' title='bbox 1190 1317 1286 1363; x_wconf 86' lang='lat' dir='ltr'>verae</span> <span class='ocrx_word' id='word_1_74' title='bbox 1310 1300 1465 1376; x_wconf 90' lang='lat' dir='ltr'>continet,</span> <span class='ocrx_word' id='word_1_75' title='bbox 1490 1299 1543 1364; x_wconf 92' lang='lat' dir='ltr'>cui</span> <span class='ocrx_word' id='word_1_76' title='bbox 1568 1299 1732 1363; x_wconf 87' lang='lat' dir='ltr'>contraria</span> <span class='ocrx_word' id='word_1_77' title='bbox 1754 1305 1804 1363; x_wconf 92' lang='lat' dir='ltr'>est</span> <span class='ocrx_word' id='word_1_78' title='bbox 1828 1298 1909 1362; x_wconf 90' lang='lat' dir='ltr'>haec</span> <span class='ocrx_word' id='word_1_79' title='bbox 1933 1297 2015 1361; x_wconf 88' lang='lat' dir='ltr'>altir-</span> 
     </span>
    </p>

    <p class='ocr_par' dir='ltr' id='par_1_6' title="bbox 204 1405 562 1469">
     <span class='ocr_line' id='line_1_10' title="bbox 204 1405 562 1469; baseline -0.008 0"><span class='ocrx_word' id='word_1_80' title='bbox 204 1405 320 1469; x_wconf 89' lang='lat' dir='ltr'>matio:</span> <span class='ocrx_word' id='word_1_81' title='bbox 346 1410 380 1468; x_wconf 89' lang='lat' dir='ltr'>at</span> <span class='ocrx_word' id='word_1_82' title='bbox 402 1422 469 1468; x_wconf 93' lang='lat' dir='ltr'>non</span> <span class='ocrx_word' id='word_1_83' title='bbox 494 1405 562 1467; x_wconf 92' lang='lat' dir='ltr'>erit.</span> 
     </span>
    </p>

    <p class='ocr_par' dir='ltr' id='par_1_7' title="bbox 204 1508 2014 2128">
     <span class='ocr_line' id='line_1_11' title="bbox 366 1508 2013 1597; baseline -0.001 -23"><span class='ocrx_word' id='word_1_84' title='bbox 366 1509 412 1574; x_wconf 91' lang='lat' dir='ltr'>De</span> <span class='ocrx_word' id='word_1_85' title='bbox 445 1511 543 1574; x_wconf 93' lang='lat' dir='ltr'>domo</span> <span class='ocrx_word' id='word_1_86' title='bbox 572 1529 632 1574; x_wconf 90' lang='lat' dir='ltr'>sua</span> <span class='ocrx_word' id='word_1_87' title='bbox 655 1511 696 1574; x_wconf 89' lang='lat' dir='ltr'>ad</span> <span class='ocrx_word' id='word_1_88' title='bbox 720 1510 835 1575; x_wconf 84' lang='lat' dir='ltr'>Pontii.</span> <span class='ocrx_word' id='word_1_89' title='bbox 858 1531 904 1575; x_wconf 90' lang='lat' dir='ltr'>or.</span> <span class='ocrx_word' id='word_1_90' title='bbox 929 1510 952 1597; x_wconf 67' lang='grc' dir='ltr'><strong><em>ξ</em></strong></span> <span class='ocrx_word' id='word_1_91' title='bbox 975 1511 1031 1576; x_wconf 89' lang='lat'>31:</span> <span class='ocrx_word' id='word_1_92' title='bbox 1067 1532 1132 1595; x_wconf 89' lang='lat' dir='ltr'>qua</span> <span class='ocrx_word' id='word_1_93' title='bbox 1155 1532 1190 1577; x_wconf 92' lang='lat' dir='ltr'>re</span> <span class='ocrx_word' id='word_1_94' title='bbox 1214 1514 1309 1577; x_wconf 90' lang='lat' dir='ltr'>istam</span> <span class='ocrx_word' id='word_1_95' title='bbox 1333 1514 1515 1577; x_wconf 91' lang='lat' dir='ltr'>orationem</span> <span class='ocrx_word' id='word_1_96' title='bbox 1538 1513 1669 1576; x_wconf 90' lang='lat' dir='ltr'>omittas</span> <span class='ocrx_word' id='word_1_97' title='bbox 1693 1511 1782 1575; x_wconf 88' lang='lat' dir='ltr'>licet:</span> <span class='ocrx_word' id='word_1_98' title='bbox 1817 1515 1891 1591; x_wconf 90' lang='lat' dir='ltr'>post</span> <span class='ocrx_word' id='word_1_99' title='bbox 1925 1508 2013 1573; x_wconf 88' lang='lat' dir='ltr'>illam</span> 
     </span>
     <span class='ocr_line' id='line_1_12' title="bbox 204 1617 2013 1701; baseline -0.002 -19"><span class='ocrx_word' id='word_1_100' title='bbox 204 1617 410 1691; x_wconf 87' lang='lat' dir='ltr'>sententiam,</span> <span class='ocrx_word' id='word_1_101' title='bbox 444 1635 542 1700; x_wconf 87' lang='lat' dir='ltr'>quam</span> <span class='ocrx_word' id='word_1_102' title='bbox 576 1617 719 1681; x_wconf 82' lang='lat' dir='ltr'>dixeram</span> <span class='ocrx_word' id='word_1_103' title='bbox 754 1618 793 1682; x_wconf 94' lang='lat' dir='ltr'>de</span> <span class='ocrx_word' id='word_1_104' title='bbox 827 1636 968 1694; x_wconf 89' lang='lat' dir='ltr'>annona,</span> <span class='ocrx_word' id='word_1_105' title='bbox 1003 1619 1192 1700; x_wconf 88' lang='lat' dir='ltr'>pontificum</span> <span class='ocrx_word' id='word_1_106' title='bbox 1228 1620 1355 1684; x_wconf 92' lang='lat' dir='ltr'>animos</span> <span class='ocrx_word' id='word_1_107' title='bbox 1388 1639 1460 1685; x_wconf 89' lang='lat' dir='ltr'>esse</span> <span class='ocrx_word' id='word_1_108' title='bbox 1495 1626 1649 1684; x_wconf 90' lang='lat' dir='ltr'>mutatos:</span> <span class='ocrx_word' id='word_1_109' title='bbox 1674 1617 1811 1701; x_wconf 87' lang='lat' dir='ltr'>proinde</span> <span class='ocrx_word' id='word_1_110' title='bbox 1835 1617 1929 1699; x_wconf 88' lang='lat' dir='ltr'>quasi</span> <span class='ocrx_word' id='word_1_111' title='bbox 1962 1617 2013 1679; x_wconf 91' lang='lat' dir='ltr'>isti</span> 
     </span>
     <span class='ocr_line' id='line_1_13' title="bbox 205 1723 2012 1809; baseline -0.001 -21"><span class='ocrx_word' id='word_1_112' title='bbox 205 1730 261 1788; x_wconf 86' lang='lat' dir='ltr'>aut</span> <span class='ocrx_word' id='word_1_113' title='bbox 294 1723 335 1788; x_wconf 95' lang='lat' dir='ltr'>de</span> <span class='ocrx_word' id='word_1_114' title='bbox 360 1723 417 1788; x_wconf 88' lang='lat' dir='ltr'>Cn.</span> <span class='ocrx_word' id='word_1_115' title='bbox 444 1723 601 1805; x_wconf 91' lang='lat' dir='ltr'>Pompeio</span> <span class='ocrx_word' id='word_1_116' title='bbox 625 1723 719 1788; x_wconf 89' lang='lat' dir='ltr'>aliter</span> <span class='ocrx_word' id='word_1_117' title='bbox 749 1763 781 1772; x_wconf 90' lang='lat'><em>-</em></span> <span class='ocrx_word' id='word_1_118' title='bbox 808 1725 949 1790; x_wconf 85' lang='lat' dir='ltr'>sentiant</span> <span class='ocrx_word' id='word_1_119' title='bbox 972 1732 1030 1790; x_wconf 92' lang='lat' dir='ltr'>aut</span> <span class='ocrx_word' id='word_1_120' title='bbox 1053 1726 1131 1809; x_wconf 91' lang='lat' dir='ltr'>quid</span> <span class='ocrx_word' id='word_1_121' title='bbox 1155 1728 1234 1791; x_wconf 92' lang='lat' dir='ltr'>mihi</span> <span class='ocrx_word' id='word_1_122' title='bbox 1258 1766 1299 1775; x_wconf 86' lang='lat'><em>-</em></span> <span class='ocrx_word' id='word_1_123' title='bbox 1323 1727 1508 1792; x_wconf 87' lang='lat' dir='ltr'>iaciendum</span> <span class='ocrx_word' id='word_1_124' title='bbox 1535 1725 1629 1790; x_wconf 88' lang='lat' dir='ltr'>tuerit</span> <span class='ocrx_word' id='word_1_125' title='bbox 1652 1727 1802 1805; x_wconf 79' lang='lat' dir='ltr'>ignorent</span> <span class='ocrx_word' id='word_1_126' title='bbox 1826 1724 2012 1796; x_wconf 89' lang='lat' dir='ltr'>autetiam,</span> 
     </span>
     <span class='ocr_line' id='line_1_14' title="bbox 206 1829 2012 1912; baseline -0.001 -18"><span class='ocrx_word' id='word_1_127' title='bbox 206 1831 234 1896; x_wconf 88' lang='lat' dir='ltr'>si</span> <span class='ocrx_word' id='word_1_128' title='bbox 255 1830 350 1896; x_wconf 87' lang='lat' dir='ltr'>cuius</span> <span class='ocrx_word' id='word_1_129' title='bbox 375 1829 456 1895; x_wconf 85' lang='lat' dir='ltr'>torte</span> <span class='ocrx_word' id='word_1_130' title='bbox 480 1830 644 1912; x_wconf 89' lang='lat' dir='ltr'>pontificis</span> <span class='ocrx_word' id='word_1_131' title='bbox 667 1832 812 1895; x_wconf 89' lang='lat' dir='ltr'>animum</span> <span class='ocrx_word' id='word_1_132' title='bbox 838 1869 878 1878; x_wconf 90' lang='lat'>-</span> <span class='ocrx_word' id='word_1_133' title='bbox 904 1851 976 1896; x_wconf 86' lang='lat' dir='ltr'>mea</span> <span class='ocrx_word' id='word_1_134' title='bbox 1000 1834 1162 1897; x_wconf 90' lang='lat' dir='ltr'>sententia</span> <span class='ocrx_word' id='word_1_135' title='bbox 1186 1833 1328 1909; x_wconf 72' lang='lat' dir='ltr'>ostendit,</span> <span class='ocrx_word' id='word_1_136' title='bbox 1353 1834 1418 1898; x_wconf 91' lang='lat' dir='ltr'>alio</span> <span class='ocrx_word' id='word_1_137' title='bbox 1443 1834 1541 1898; x_wconf 92' lang='lat' dir='ltr'>modo</span> <span class='ocrx_word' id='word_1_138' title='bbox 1564 1831 1609 1897; x_wconf 81' lang='lat' dir='ltr'>sit</span> <span class='ocrx_word' id='word_1_139' title='bbox 1630 1829 1875 1896; x_wconf 82' lang='lat' dir='ltr'>constituturus</span> <span class='ocrx_word' id='word_1_140' title='bbox 1899 1836 1955 1893; x_wconf 90' lang='lat' dir='ltr'>aut</span> <span class='ocrx_word' id='word_1_141' title='bbox 1971 1830 2012 1894; x_wconf 91' lang='lat' dir='ltr'>de</span> 
     </span>
     <span class='ocr_line' id='line_1_15' title="bbox 210 1936 2014 2022; baseline -0.002 -19"><span class='ocrx_word' id='word_1_142' title='bbox 210 1937 362 2020; x_wconf 75' lang='lat' dir='ltr'>religione</span> <span class='ocrx_word' id='word_1_143' title='bbox 387 1936 532 2019; x_wconf 89' lang='lat' dir='ltr'>pontitex</span> <span class='ocrx_word' id='word_1_144' title='bbox 556 1944 610 2002; x_wconf 90' lang='lat' dir='ltr'>aut</span> <span class='ocrx_word' id='word_1_145' title='bbox 635 1938 675 2003; x_wconf 91' lang='lat' dir='ltr'>de</span> <span class='ocrx_word' id='word_1_146' title='bbox 699 1957 733 2001; x_wconf 92' lang='lat' dir='ltr'>re</span> <span class='ocrx_word' id='word_1_147' title='bbox 758 1938 889 2020; x_wconf 88' lang='lat' dir='ltr'>publica</span> <span class='ocrx_word' id='word_1_148' title='bbox 913 1941 1003 2016; x_wconf 87' lang='lat' dir='ltr'>civis,</span> <span class='ocrx_word' id='word_1_149' title='bbox 1028 1959 1127 2022; x_wconf 90' lang='lat' dir='ltr'>quam</span> <span class='ocrx_word' id='word_1_150' title='bbox 1151 1955 1225 2005; x_wconf 87' lang='lat' dir='ltr'>eum</span> <span class='ocrx_word' id='word_1_151' title='bbox 1250 1948 1306 2006; x_wconf 90' lang='lat' dir='ltr'>ant</span> <span class='ocrx_word' id='word_1_152' title='bbox 1329 1941 1601 2006; x_wconf 84' lang='lat' dir='ltr'>caerimoniarum</span> <span class='ocrx_word' id='word_1_153' title='bbox 1623 1940 1674 2002; x_wconf 92' lang='lat' dir='ltr'>ius</span> <span class='ocrx_word' id='word_1_154' title='bbox 1690 1945 1746 2002; x_wconf 88' lang='lat' dir='ltr'>aut</span> <span class='ocrx_word' id='word_1_155' title='bbox 1761 1938 1901 2002; x_wconf 87' lang='lat' dir='ltr'>civitatis</span> <span class='ocrx_word' id='word_1_156' title='bbox 1924 1937 2014 2000; x_wconf 88' lang='lat' dir='ltr'>salus</span> 
     </span>
     <span class='ocr_line' id='line_1_16' title="bbox 210 2047 355 2128; baseline -0.021 -17"><span class='ocrx_word' id='word_1_157' title='bbox 210 2047 355 2128; x_wconf 70' lang='lat' dir='ltr'>coegerit.</span> 
     </span>
    </p>

    <p class='ocr_par' dir='ltr' id='par_1_8' title="bbox 211 2151 2013 2324">
     <span class='ocr_line' id='line_1_17' title="bbox 363 2151 2013 2236; baseline -0.002 -20"><span class='ocrx_word' id='word_1_158' title='bbox 363 2151 464 2232; x_wconf 87' lang='lat' dir='ltr'>Quasi</span> <span class='ocrx_word' id='word_1_159' title='bbox 496 2153 646 2227; x_wconf 87' lang='lat' dir='ltr'>sentiant,</span> <span class='ocrx_word' id='word_1_160' title='bbox 682 2153 831 2234; x_wconf 84' lang='lat' dir='ltr'>ignorent</span> <span class='ocrx_word' id='word_1_161' title='bbox 863 2173 895 2216; x_wconf 87' lang='lat' dir='ltr'>o:</span> <span class='ocrx_word' id='word_1_162' title='bbox 930 2159 963 2217; x_wconf 88' lang='lat' dir='ltr'>at</span> <span class='ocrx_word' id='word_1_163' title='bbox 995 2173 1062 2218; x_wconf 93' lang='lat' dir='ltr'>non</span> <span class='ocrx_word' id='word_1_164' title='bbox 1094 2155 1247 2234; x_wconf 87' lang='lat' dir='ltr'>sentiunt,</span> <span class='ocrx_word' id='word_1_165' title='bbox 1282 2173 1348 2218; x_wconf 90' lang='lat' dir='ltr'>non</span> <span class='ocrx_word' id='word_1_166' title='bbox 1378 2155 1541 2236; x_wconf 87' lang='lat' dir='ltr'>ignorant;</span> <span class='ocrx_word' id='word_1_167' title='bbox 1576 2153 1669 2235; x_wconf 90' lang='lat' dir='ltr'>quasi</span> <span class='ocrx_word' id='word_1_168' title='bbox 1702 2153 1742 2215; x_wconf 92' lang='lat' dir='ltr'>sit</span> <span class='ocrx_word' id='word_1_169' title='bbox 1776 2151 2013 2215; x_wconf 85' lang='lat' dir='ltr'>constituturus</span> 
     </span>
     <span class='ocr_line' id='line_1_18' title="bbox 211 2260 704 2324; baseline -0.004 -1"><span class='ocrx_word' id='word_1_170' title='bbox 211 2277 240 2324; x_wconf 86' lang='lat' dir='ltr'>o:</span> <span class='ocrx_word' id='word_1_171' title='bbox 262 2265 295 2323; x_wconf 88' lang='lat' dir='ltr'>at</span> <span class='ocrx_word' id='word_1_172' title='bbox 317 2265 406 2324; x_wconf 90' lang='lat' dir='ltr'>certe</span> <span class='ocrx_word' id='word_1_173' title='bbox 429 2278 496 2323; x_wconf 92' lang='lat' dir='ltr'>non</span> <span class='ocrx_word' id='word_1_174' title='bbox 520 2260 704 2323; x_wconf 90' lang='lat' dir='ltr'>constituet.</span> 
     </span>
    </p>

    <p class='ocr_par' dir='ltr' id='par_1_9' title="bbox 204 2364 2012 2557">
     <span class='ocr_line' id='line_1_19' title="bbox 363 2364 2012 2452; baseline -0.001 -22"><span class='ocrx_word' id='word_1_175' title='bbox 363 2366 421 2445; x_wconf 86' lang='lat' dir='ltr'>Qu.</span> <span class='ocrx_word' id='word_1_176' title='bbox 448 2364 514 2430; x_wconf 87' lang='lat' dir='ltr'>Cic.</span> <span class='ocrx_word' id='word_1_177' title='bbox 540 2365 580 2430; x_wconf 92' lang='lat' dir='ltr'>de</span> <span class='ocrx_word' id='word_1_178' title='bbox 604 2372 667 2447; x_wconf 89' lang='lat' dir='ltr'>pet.</span> <span class='ocrx_word' id='word_1_179' title='bbox 693 2366 818 2430; x_wconf 92' lang='lat' dir='ltr'>consul.</span> <span class='ocrx_word' id='word_1_180' title='bbox 843 2365 866 2452; x_wconf 65' lang='grc' dir='ltr'>ξ</span> <span class='ocrx_word' id='word_1_181' title='bbox 890 2367 923 2429; x_wconf 83' lang='grc'>2;</span> <span class='ocrx_word' id='word_1_182' title='bbox 949 2368 993 2431; x_wconf 90' lang='lat' dir='ltr'>ita</span> <span class='ocrx_word' id='word_1_183' title='bbox 1017 2374 1149 2449; x_wconf 89' lang='lat' dir='ltr'>paratus</span> <span class='ocrx_word' id='word_1_184' title='bbox 1173 2368 1214 2432; x_wconf 91' lang='lat' dir='ltr'>ad</span> <span class='ocrx_word' id='word_1_185' title='bbox 1239 2367 1414 2432; x_wconf 90' lang='lat' dir='ltr'>dicendum</span> <span class='ocrx_word' id='word_1_186' title='bbox 1438 2371 1558 2442; x_wconf 88' lang='lat' dir='ltr'>venito,</span> <span class='ocrx_word' id='word_1_187' title='bbox 1586 2368 1680 2451; x_wconf 91' lang='lat' dir='ltr'>quasi</span> <span class='ocrx_word' id='word_1_188' title='bbox 1701 2367 1733 2429; x_wconf 90' lang='lat' dir='ltr'>in</span> <span class='ocrx_word' id='word_1_189' title='bbox 1751 2366 1886 2447; x_wconf 88' lang='lat' dir='ltr'>singulis</span> <span class='ocrx_word' id='word_1_190' title='bbox 1903 2367 2012 2429; x_wconf 88' lang='lat' dir='ltr'>causis</span> 
     </span>
     <span class='ocr_line' id='line_1_20' title="bbox 204 2470 951 2557; baseline 0 -20"><span class='ocrx_word' id='word_1_191' title='bbox 204 2471 361 2537; x_wconf 87' lang='lat' dir='ltr'>iudicium</span> <span class='ocrx_word' id='word_1_192' title='bbox 385 2472 425 2536; x_wconf 91' lang='lat' dir='ltr'>de</span> <span class='ocrx_word' id='word_1_193' title='bbox 450 2473 539 2536; x_wconf 93' lang='lat' dir='ltr'>omni</span> <span class='ocrx_word' id='word_1_194' title='bbox 564 2470 877 2557; x_wconf 74' lang='lat' dir='ltr'>ingeniofuturum</span> <span class='ocrx_word' id='word_1_195' title='bbox 901 2471 951 2538; x_wconf 84' lang='lat' dir='ltr'>sit.</span> 
     </span>
    </p>

    <p class='ocr_par' dir='ltr' id='par_1_10' title="bbox 363 2577 2010 2664">
     <span class='ocr_line' id='line_1_21' title="bbox 363 2577 2010 2664; baseline 0 -22"><span class='ocrx_word' id='word_1_196' title='bbox 363 2579 454 2643; x_wconf 87' lang='lat' dir='ltr'>Finn.</span> <span class='ocrx_word' id='word_1_197' title='bbox 469 2579 511 2643; x_wconf 84' lang='lat' dir='ltr'>tv</span> <span class='ocrx_word' id='word_1_198' title='bbox 523 2577 545 2664; x_wconf 66' lang='grc' dir='ltr'>ξ</span> <span class='ocrx_word' id='word_1_199' title='bbox 558 2577 613 2642; x_wconf 87' lang='grc'>65;</span> <span class='ocrx_word' id='word_1_200' title='bbox 631 2585 663 2644; x_wconf 91' lang='lat' dir='ltr'>et</span> <span class='ocrx_word' id='word_1_201' title='bbox 675 2579 773 2644; x_wconf 89' lang='lat' dir='ltr'>catuli</span> <span class='ocrx_word' id='word_1_202' title='bbox 787 2599 890 2663; x_wconf 89' lang='lat' dir='ltr'>aeque</span> <span class='ocrx_word' id='word_1_203' title='bbox 904 2582 1003 2654; x_wconf 89' lang='lat' dir='ltr'>caeci,</span> <span class='ocrx_word' id='word_1_204' title='bbox 1018 2582 1108 2663; x_wconf 90' lang='lat' dir='ltr'>prius</span> <span class='ocrx_word' id='word_1_205' title='bbox 1121 2601 1218 2663; x_wconf 89' lang='lat' dir='ltr'>quam</span> <span class='ocrx_word' id='word_1_206' title='bbox 1233 2581 1452 2663; x_wconf 88' lang='lat' dir='ltr'>dispexerunt,</span> <span class='ocrx_word' id='word_1_207' title='bbox 1471 2600 1510 2645; x_wconf 91' lang='lat' dir='ltr'>ao</span> <span class='ocrx_word' id='word_1_208' title='bbox 1523 2582 1551 2644; x_wconf 90' lang='lat' dir='ltr'>si</span> <span class='ocrx_word' id='word_1_209' title='bbox 1563 2582 1608 2645; x_wconf 83' lang='lat' dir='ltr'>ita</span> <span class='ocrx_word' id='word_1_210' title='bbox 1622 2578 1737 2662; x_wconf 77' lang='lat' dir='ltr'>futuri</span> <span class='ocrx_word' id='word_1_211' title='bbox 1747 2598 1877 2662; x_wconf 91' lang='lat' dir='ltr'>semper</span> <span class='ocrx_word' id='word_1_212' title='bbox 1889 2584 2010 2643; x_wconf 84' lang='lat' dir='ltr'>essent.</span> 
     </span>
    </p>

    <p class='ocr_par' dir='ltr' id='par_1_11' title="bbox 190 2685 2009 2877">
     <span class='ocr_line' id='line_1_22' title="bbox 361 2685 2009 2774; baseline -0.001 -24"><span class='ocrx_word' id='word_1_213' title='bbox 361 2685 474 2769; x_wconf 88' lang='lat' dir='ltr'>Aeque</span> <span class='ocrx_word' id='word_1_214' title='bbox 506 2687 595 2750; x_wconf 88' lang='lat' dir='ltr'>caeci</span> <span class='ocrx_word' id='word_1_215' title='bbox 629 2706 674 2751; x_wconf 93' lang='lat' dir='ltr'>sc.</span> <span class='ocrx_word' id='word_1_216' title='bbox 700 2693 785 2751; x_wconf 93' lang='lat' dir='ltr'>sunt.</span> <span class='ocrx_word' id='word_1_217' title='bbox 833 2685 938 2774; x_wconf 83' lang='lat' dir='ltr'>Imps.</span> <span class='ocrx_word' id='word_1_218' title='bbox 964 2689 1049 2769; x_wconf 82' lang='lat' dir='ltr'>conj.</span> <span class='ocrx_word' id='word_1_219' title='bbox 1075 2687 1131 2751; x_wconf 88' lang='lat' dir='ltr'>tut.</span> <span class='ocrx_word' id='word_1_220' title='bbox 1157 2689 1298 2770; x_wconf 89' lang='lat' dir='ltr'>periphr.</span> <span class='ocrx_word' id='word_1_221' title='bbox 1323 2695 1398 2770; x_wconf 91' lang='lat' dir='ltr'>post</span> <span class='ocrx_word' id='word_1_222' title='bbox 1421 2691 1556 2772; x_wconf 86' lang='lat' dir='ltr'>tempus</span> <span class='ocrx_word' id='word_1_223' title='bbox 1573 2705 1747 2772; x_wconf 73' lang='lat' dir='ltr'>praesens</span> <span class='ocrx_word' id='word_1_224' title='bbox 1771 2694 1852 2751; x_wconf 94' lang='lat' dir='ltr'>sent.</span> <span class='ocrx_word' id='word_1_225' title='bbox 1878 2688 2009 2768; x_wconf 88' lang='lat' dir='ltr'>primar.</span> 
     </span>
     <span class='ocr_line' id='line_1_23' title="bbox 190 2793 1106 2877; baseline 0.002 -21"><span class='ocrx_word' id='word_1_226' title='bbox 190 2793 348 2877; x_wconf 84' lang='lat' dir='ltr'>apertius</span> <span class='ocrx_word' id='word_1_227' title='bbox 372 2793 495 2857; x_wconf 88' lang='lat' dir='ltr'>indicat</span> <span class='ocrx_word' id='word_1_228' title='bbox 518 2799 682 2875; x_wconf 89' lang='lat' dir='ltr'>sumptam</span> <span class='ocrx_word' id='word_1_229' title='bbox 705 2812 773 2858; x_wconf 90' lang='lat' dir='ltr'>rem</span> <span class='ocrx_word' id='word_1_230' title='bbox 798 2813 908 2859; x_wconf 88' lang='lat' dir='ltr'>veram</span> <span class='ocrx_word' id='word_1_231' title='bbox 933 2815 1000 2860; x_wconf 92' lang='lat' dir='ltr'>non</span> <span class='ocrx_word' id='word_1_232' title='bbox 1025 2813 1106 2859; x_wconf 87' lang='lat' dir='ltr'>esse.</span> 
     </span>
    </p>

    <p class='ocr_par' dir='ltr' id='par_1_12' title="bbox 180 2898 2009 3092">
     <span class='ocr_line' id='line_1_24' title="bbox 362 2898 2009 2986; baseline 0 -23"><span class='ocrx_word' id='word_1_233' title='bbox 362 2900 448 2964; x_wconf 90' lang='lat' dir='ltr'>Lael.</span> <span class='ocrx_word' id='word_1_234' title='bbox 482 2898 584 2986; x_wconf 61' lang='lat' dir='ltr'>§dtu</span> <span class='ocrx_word' id='word_1_235' title='bbox 620 2900 761 2982; x_wconf 88' lang='lat' dir='ltr'>negabat</span> <span class='ocrx_word' id='word_1_236' title='bbox 789 2900 888 2966; x_wconf 87' lang='lat' dir='ltr'>ullam</span> <span class='ocrx_word' id='word_1_237' title='bbox 912 2921 1029 2968; x_wconf 88' lang='lat' dir='ltr'>vocem</span> <span class='ocrx_word' id='word_1_238' title='bbox 1052 2902 1269 2966; x_wconf 90' lang='lat' dir='ltr'>inimiciorem</span> <span class='ocrx_word' id='word_1_239' title='bbox 1293 2902 1455 2966; x_wconf 87' lang='lat' dir='ltr'>amicitiae</span> <span class='ocrx_word' id='word_1_240' title='bbox 1478 2903 1623 2985; x_wconf 91' lang='lat' dir='ltr'>potuisse</span> <span class='ocrx_word' id='word_1_241' title='bbox 1647 2901 1781 2983; x_wconf 87' lang='lat' dir='ltr'>reperiri</span> <span class='ocrx_word' id='word_1_242' title='bbox 1807 2919 1905 2983; x_wconf 90' lang='lat' dir='ltr'>quam</span> <span class='ocrx_word' id='word_1_243' title='bbox 1930 2901 2009 2975; x_wconf 74' lang='lat' dir='ltr'>eius</span> 
     </span>
     <span class='ocr_line' id='line_1_25' title="bbox 180 2992 1904 3092; baseline 0.001 -19"><span class='ocrx_word' id='word_1_244' title='bbox 180 3009 255 3092; x_wconf 89' lang='lat' dir='ltr'>qui</span> <span class='ocrx_word' id='word_1_245' title='bbox 281 3007 418 3071; x_wconf 86' lang='lat' dir='ltr'>dixisset</span> <span class='ocrx_word' id='word_1_246' title='bbox 441 3008 485 3070; x_wconf 86' lang='lat' dir='ltr'>ita</span> <span class='ocrx_word' id='word_1_247' title='bbox 508 3025 619 3070; x_wconf 89' lang='lat' dir='ltr'>amare</span> <span class='ocrx_word' id='word_1_248' title='bbox 643 3013 804 3088; x_wconf 90' lang='lat' dir='ltr'>oportere,</span> <span class='ocrx_word' id='word_1_249' title='bbox 830 3015 864 3071; x_wconf 92' lang='lat' dir='ltr'>ut</span> <span class='ocrx_word' id='word_1_250' title='bbox 887 3010 914 3072; x_wconf 91' lang='lat' dir='ltr'>si</span> <span class='ocrx_word' id='word_1_251' title='bbox 938 3009 1116 3091; x_wconf 87' lang='lat' dir='ltr'>aliquando</span> <span class='ocrx_word' id='word_1_252' title='bbox 1141 3012 1230 3074; x_wconf 86' lang='lat' dir='ltr'>essct</span> <span class='ocrx_word' id='word_1_253' title='bbox 1253 3027 1388 3074; x_wconf 80' lang='lat' dir='ltr'>esurus.</span> <span class='ocrx_word' id='word_1_254' title='bbox 1903 2992 1904 2995; x_wconf 21' lang='lat'>¹</span> 
     </span>
    </p>

    <p class='ocr_par' dir='ltr' id='par_1_13' title="bbox 171 3111 2010 3392">
     <span class='ocr_line' id='line_1_26' title="bbox 362 3111 2010 3199; baseline 0.001 -22"><span class='ocrx_word' id='word_1_255' title='bbox 362 3112 442 3177; x_wconf 89' lang='lat' dir='ltr'>Cato</span> <span class='ocrx_word' id='word_1_256' title='bbox 475 3111 515 3177; x_wconf 89' lang='lat' dir='ltr'>M.</span> <span class='ocrx_word' id='word_1_257' title='bbox 549 3111 572 3198; x_wconf 66' lang='grc' dir='ltr'>ξ</span> <span class='ocrx_word' id='word_1_258' title='bbox 604 3114 665 3176; x_wconf 81' lang='grc'>82;</span> <span class='ocrx_word' id='word_1_259' title='bbox 700 3113 757 3176; x_wconf 89' lang='lat' dir='ltr'>sed</span> <span class='ocrx_word' id='word_1_260' title='bbox 782 3117 894 3179; x_wconf 90' lang='lat' dir='ltr'>nescio</span> <span class='ocrx_word' id='word_1_261' title='bbox 920 3117 1086 3199; x_wconf 91' lang='lat' dir='ltr'>quomodo</span> <span class='ocrx_word' id='word_1_262' title='bbox 1110 3117 1240 3180; x_wconf 89' lang='lat' dir='ltr'>animus</span> <span class='ocrx_word' id='word_1_263' title='bbox 1263 3117 1390 3196; x_wconf 90' lang='lat' dir='ltr'>erigens</span> <span class='ocrx_word' id='word_1_264' title='bbox 1414 3134 1449 3179; x_wconf 90' lang='lat' dir='ltr'>se</span> <span class='ocrx_word' id='word_1_265' title='bbox 1474 3116 1695 3197; x_wconf 89' lang='lat' dir='ltr'>posteritatem</span> <span class='ocrx_word' id='word_1_266' title='bbox 1721 3115 1765 3178; x_wconf 90' lang='lat' dir='ltr'>ita</span> <span class='ocrx_word' id='word_1_267' title='bbox 1788 3133 1918 3195; x_wconf 86' lang='lat' dir='ltr'>semper</span> <span class='ocrx_word' id='word_1_268' title='bbox 1941 3134 2010 3196; x_wconf 86' lang='lat' dir='ltr'>pro-</span> 
     </span>
     <span class='ocr_line' id='line_1_27' title="bbox 173 3219 2009 3305; baseline 0.001 -23"><span class='ocrx_word' id='word_1_269' title='bbox 173 3219 369 3303; x_wconf 74' lang='lat' dir='ltr'>spiciebat,</span> <span class='ocrx_word' id='word_1_270' title='bbox 404 3221 507 3303; x_wconf 87' lang='lat' dir='ltr'>quasi,</span> <span class='ocrx_word' id='word_1_271' title='bbox 541 3239 615 3284; x_wconf 91' lang='lat' dir='ltr'>cum</span> <span class='ocrx_word' id='word_1_272' title='bbox 649 3222 844 3285; x_wconf 87' lang='lat' dir='ltr'>excessisset</span> <span class='ocrx_word' id='word_1_273' title='bbox 876 3241 894 3285; x_wconf 90' lang='lat' dir='ltr'>e</span> <span class='ocrx_word' id='word_1_274' title='bbox 928 3224 1003 3300; x_wconf 91' lang='lat' dir='ltr'>vita,</span> <span class='ocrx_word' id='word_1_275' title='bbox 1038 3230 1106 3286; x_wconf 94' lang='lat' dir='ltr'>tum</span> <span class='ocrx_word' id='word_1_276' title='bbox 1143 3223 1283 3305; x_wconf 90' lang='lat' dir='ltr'>denique</span> <span class='ocrx_word' id='word_1_277' title='bbox 1317 3221 1469 3287; x_wconf 79' lang='lat' dir='ltr'>uicturus</span> <span class='ocrx_word' id='word_1_278' title='bbox 1503 3225 1591 3286; x_wconf 86' lang='lat' dir='ltr'>essct</span> <span class='ocrx_word' id='word_1_279' title='bbox 1622 3242 1654 3286; x_wconf 87' lang='lat' dir='ltr'>o:</span> <span class='ocrx_word' id='word_1_280' title='bbox 1686 3222 1779 3304; x_wconf 88' lang='lat' dir='ltr'>quasi</span> <span class='ocrx_word' id='word_1_281' title='bbox 1804 3221 1964 3284; x_wconf 88' lang='lat' dir='ltr'>divinaret</span> <span class='ocrx_word' id='word_1_282' title='bbox 1989 3221 2009 3284; x_wconf 94' lang='lat' dir='ltr'>l.</span> 
     </span>
     <span class='ocr_line' id='line_1_28' title="bbox 171 3327 717 3392; baseline -0.004 0"><span class='ocrx_word' id='word_1_283' title='bbox 171 3332 300 3392; x_wconf 83' lang='lat' dir='ltr'>-asset</span> <span class='ocrx_word' id='word_1_284' title='bbox 323 3364 367 3372; x_wconf 81' lang='lat'><em>-</em></span> <span class='ocrx_word' id='word_1_285' title='bbox 390 3345 425 3391; x_wconf 93' lang='lat' dir='ltr'>se</span> <span class='ocrx_word' id='word_1_286' title='bbox 449 3327 611 3391; x_wconf 91' lang='lat' dir='ltr'>victurum</span> <span class='ocrx_word' id='word_1_287' title='bbox 635 3345 717 3391; x_wconf 92' lang='lat' dir='ltr'>esse.</span> 
     </span>
    </p>

    <p class='ocr_par' dir='ltr' id='par_1_14' title="bbox 174 3432 2008 3623">
     <span class='ocr_line' id='line_1_29' title="bbox 361 3432 2008 3518; baseline 0.002 -22"><span class='ocrx_word' id='word_1_288' title='bbox 361 3432 483 3498; x_wconf 85' lang='lat' dir='ltr'>Eodem</span> <span class='ocrx_word' id='word_1_289' title='bbox 518 3434 626 3508; x_wconf 91' lang='lat' dir='ltr'>mod0,</span> <span class='ocrx_word' id='word_1_290' title='bbox 663 3453 728 3517; x_wconf 94' lang='lat' dir='ltr'>quo</span> <span class='ocrx_word' id='word_1_291' title='bbox 753 3435 785 3497; x_wconf 93' lang='lat' dir='ltr'>in</span> <span class='ocrx_word' id='word_1_292' title='bbox 810 3434 882 3510; x_wconf 91' lang='lat' dir='ltr'>hoc,</span> <span class='ocrx_word' id='word_1_293' title='bbox 916 3437 1005 3518; x_wconf 94' lang='lat' dir='ltr'>quod</span> <span class='ocrx_word' id='word_1_294' title='bbox 1029 3441 1209 3500; x_wconf 88' lang='lat' dir='ltr'>extremum</span> <span class='ocrx_word' id='word_1_295' title='bbox 1233 3437 1374 3513; x_wconf 91' lang='lat' dir='ltr'>laudavi,</span> <span class='ocrx_word' id='word_1_296' title='bbox 1400 3435 1550 3517; x_wconf 88' lang='lat' dir='ltr'>exemplo</span> <span class='ocrx_word' id='word_1_297' title='bbox 1573 3435 1803 3517; x_wconf 84' lang='lat' dir='ltr'>conjunctivus</span> <span class='ocrx_word' id='word_1_298' title='bbox 1827 3435 2008 3499; x_wconf 90' lang='lat' dir='ltr'>sententiae</span> 
     </span>
     <span class='ocr_line' id='line_1_30' title="bbox 174 3541 843 3623; baseline -0.006 -15"><span class='ocrx_word' id='word_1_299' title='bbox 174 3541 443 3623; x_wconf 66' lang='lat' dir='ltr'>comparativae</span> <span class='ocrx_word' id='word_1_300' title='bbox 467 3541 594 3623; x_wconf 91' lang='lat' dir='ltr'>positus</span> <span class='ocrx_word' id='word_1_301' title='bbox 618 3559 691 3606; x_wconf 91' lang='lat' dir='ltr'>esse</span> <span class='ocrx_word' id='word_1_302' title='bbox 716 3541 843 3605; x_wconf 92' lang='lat' dir='ltr'>videtur</span> 
     </span>
    </p>

    <p class='ocr_par' dir='ltr' id='par_1_15' title="bbox 173 3646 2009 3944">
     <span class='ocr_line' id='line_1_31' title="bbox 364 3646 2009 3733; baseline -0.001 -21"><span class='ocrx_word' id='word_1_303' title='bbox 364 3648 451 3712; x_wconf 89' lang='lat' dir='ltr'>Verr.</span> <span class='ocrx_word' id='word_1_304' title='bbox 487 3648 529 3712; x_wconf 95' lang='lat' dir='ltr'>IV</span> <span class='ocrx_word' id='word_1_305' title='bbox 553 3646 575 3733; x_wconf 67' lang='grc' dir='ltr'>ξ</span> <span class='ocrx_word' id='word_1_306' title='bbox 599 3648 656 3712; x_wconf 79' lang='lat'>49:</span> <span class='ocrx_word' id='word_1_307' title='bbox 691 3667 797 3731; x_wconf 93' lang='lat' dir='ltr'>neque</span> <span class='ocrx_word' id='word_1_308' title='bbox 831 3650 917 3713; x_wconf 90' lang='lat' dir='ltr'>enim</span> <span class='ocrx_word' id='word_1_309' title='bbox 942 3650 987 3713; x_wconf 88' lang='lat' dir='ltr'>ita</span> <span class='ocrx_word' id='word_1_310' title='bbox 1010 3667 1045 3712; x_wconf 90' lang='lat' dir='ltr'>se</span> <span class='ocrx_word' id='word_1_311' title='bbox 1069 3650 1167 3730; x_wconf 90' lang='lat' dir='ltr'>gessit</span> <span class='ocrx_word' id='word_1_312' title='bbox 1192 3650 1225 3712; x_wconf 93' lang='lat' dir='ltr'>in</span> <span class='ocrx_word' id='word_1_313' title='bbox 1249 3650 1299 3713; x_wconf 90' lang='lat' dir='ltr'>his</span> <span class='ocrx_word' id='word_1_314' title='bbox 1323 3649 1430 3725; x_wconf 92' lang='lat' dir='ltr'>rebus,</span> <span class='ocrx_word' id='word_1_315' title='bbox 1457 3657 1623 3732; x_wconf 90' lang='lat' dir='ltr'>tamquam</span> <span class='ocrx_word' id='word_1_316' title='bbox 1648 3652 1807 3715; x_wconf 91' lang='lat' dir='ltr'>rationem</span> <span class='ocrx_word' id='word_1_317' title='bbox 1832 3648 2009 3732; x_wconf 91' lang='lat' dir='ltr'>aliquando</span> 
     </span>
     <span class='ocr_line' id='line_1_32' title="bbox 176 3752 2009 3842; baseline -0.002 -21"><span class='ocrx_word' id='word_1_318' title='bbox 176 3760 290 3822; x_wconf 69' lang='lat' dir='ltr'>esset</span> <span class='ocrx_word' id='word_1_319' title='bbox 312 3752 524 3835; x_wconf 74' lang='lat' dir='ltr'>redditurus,</span> <span class='ocrx_word' id='word_1_320' title='bbox 549 3755 606 3820; x_wconf 91' lang='lat' dir='ltr'>sed</span> <span class='ocrx_word' id='word_1_321' title='bbox 631 3775 765 3837; x_wconf 89' lang='lat' dir='ltr'>prorsus</span> <span class='ocrx_word' id='word_1_322' title='bbox 789 3757 842 3830; x_wconf 90' lang='lat' dir='ltr'>ita,</span> <span class='ocrx_word' id='word_1_323' title='bbox 869 3757 962 3839; x_wconf 87' lang='lat' dir='ltr'>quasi</span> <span class='ocrx_word' id='word_1_324' title='bbox 986 3762 1042 3820; x_wconf 89' lang='lat' dir='ltr'>aut</span> <span class='ocrx_word' id='word_1_325' title='bbox 1064 3775 1140 3821; x_wconf 88' lang='lat' dir='ltr'>reus</span> <span class='ocrx_word' id='word_1_326' title='bbox 1165 3777 1343 3840; x_wconf 89' lang='lat' dir='ltr'>numquam</span> <span class='ocrx_word' id='word_1_327' title='bbox 1369 3760 1462 3841; x_wconf 80' lang='lat' dir='ltr'>essct</span> <span class='ocrx_word' id='word_1_328' title='bbox 1464 3755 1612 3842; x_wconf 79' lang='lat' dir='ltr'>futurus</span> <span class='ocrx_word' id='word_1_329' title='bbox 1629 3762 1694 3835; x_wconf 92' lang='lat' dir='ltr'>aut,</span> <span class='ocrx_word' id='word_1_330' title='bbox 1712 3775 1778 3839; x_wconf 94' lang='lat' dir='ltr'>quo</span> <span class='ocrx_word' id='word_1_331' title='bbox 1793 3756 1886 3838; x_wconf 89' lang='lat' dir='ltr'>plura</span> <span class='ocrx_word' id='word_1_332' title='bbox 1903 3755 2009 3819; x_wconf 89' lang='lat' dir='ltr'>abstu-</span> 
     </span>
     <span class='ocr_line' id='line_1_33' title="bbox 173 3856 1232 3944; baseline 0 -16"><span class='ocrx_word' id='word_1_333' title='bbox 173 3856 302 3939; x_wconf 86' lang='lat' dir='ltr'>lisset,</span> <span class='ocrx_word' id='word_1_334' title='bbox 326 3881 366 3927; x_wconf 91' lang='lat' dir='ltr'>eo</span> <span class='ocrx_word' id='word_1_335' title='bbox 390 3864 516 3927; x_wconf 88' lang='lat' dir='ltr'>minore</span> <span class='ocrx_word' id='word_1_336' title='bbox 537 3863 683 3944; x_wconf 89' lang='lat' dir='ltr'>periculo</span> <span class='ocrx_word' id='word_1_337' title='bbox 707 3864 740 3926; x_wconf 93' lang='lat' dir='ltr'>in</span> <span class='ocrx_word' id='word_1_338' title='bbox 760 3863 920 3944; x_wconf 88' lang='lat' dir='ltr'>judicium</span> <span class='ocrx_word' id='word_1_339' title='bbox 947 3864 1113 3929; x_wconf 73' lang='lat' dir='ltr'>uenturus</span> <span class='ocrx_word' id='word_1_340' title='bbox 1137 3866 1232 3929; x_wconf 85' lang='lat' dir='ltr'>esset.</span> 
     </span>
    </p>

    <p class='ocr_par' dir='ltr' id='par_1_16' title="bbox 181 3969 2009 4372">
     <span class='ocr_line' id='line_1_34' title="bbox 360 3969 2009 4054; baseline 0 -20"><span class='ocrx_word' id='word_1_341' title='bbox 360 3970 451 4034; x_wconf 87' lang='lat' dir='ltr'>Duae</span> <span class='ocrx_word' id='word_1_342' title='bbox 484 3971 517 4033; x_wconf 91' lang='lat' dir='ltr'>in</span> <span class='ocrx_word' id='word_1_343' title='bbox 550 3969 613 4035; x_wconf 89' lang='lat' dir='ltr'>hoo</span> <span class='ocrx_word' id='word_1_344' title='bbox 638 3988 687 4034; x_wconf 91' lang='lat' dir='ltr'>ex.</span> <span class='ocrx_word' id='word_1_345' title='bbox 713 3970 865 4050; x_wconf 87' lang='lat' dir='ltr'>leguntur</span> <span class='ocrx_word' id='word_1_346' title='bbox 888 3971 1069 4035; x_wconf 87' lang='lat' dir='ltr'>sententiae</span> <span class='ocrx_word' id='word_1_347' title='bbox 1093 3972 1345 4054; x_wconf 89' lang='lat' dir='ltr'>comparativae,</span> <span class='ocrx_word' id='word_1_348' title='bbox 1371 3990 1509 4054; x_wconf 88' lang='lat' dir='ltr'>quarum</span> <span class='ocrx_word' id='word_1_349' title='bbox 1533 3971 1695 4052; x_wconf 87' lang='lat' dir='ltr'>posterior</span> <span class='ocrx_word' id='word_1_350' title='bbox 1718 3970 1846 4035; x_wconf 87' lang='lat' dir='ltr'>videtur</span> <span class='ocrx_word' id='word_1_351' title='bbox 1868 3971 1912 4033; x_wconf 90' lang='lat' dir='ltr'>ita</span> <span class='ocrx_word' id='word_1_352' title='bbox 1936 3989 2009 4035; x_wconf 90' lang='lat' dir='ltr'>esse</span> 
     </span>
     <span class='ocr_line' id='line_1_35' title="bbox 181 4075 2009 4161; baseline -0.003 -17"><span class='ocrx_word' id='word_1_353' title='bbox 181 4076 405 4161; x_wconf 72' lang='lat' dir='ltr'>explicanda,</span> <span class='ocrx_word' id='word_1_354' title='bbox 430 4083 465 4140; x_wconf 91' lang='lat' dir='ltr'>ut</span> <span class='ocrx_word' id='word_1_355' title='bbox 489 4096 547 4158; x_wconf 93' lang='lat' dir='ltr'>pro</span> <span class='ocrx_word' id='word_1_356' title='bbox 572 4078 735 4141; x_wconf 89' lang='lat' dir='ltr'>sententia</span> <span class='ocrx_word' id='word_1_357' title='bbox 759 4077 955 4141; x_wconf 88' lang='lat' dir='ltr'>secundaria</span> <span class='ocrx_word' id='word_1_358' title='bbox 978 4095 1023 4141; x_wconf 87' lang='lat' dir='ltr'>or.</span> <span class='ocrx_word' id='word_1_359' title='bbox 1050 4077 1203 4160; x_wconf 90' lang='lat' dir='ltr'>obliquae</span> <span class='ocrx_word' id='word_1_360' title='bbox 1227 4077 1395 4142; x_wconf 88' lang='lat' dir='ltr'>habeatur.</span> <span class='ocrx_word' id='word_1_361' title='bbox 1444 4078 1545 4159; x_wconf 84' lang='lat' dir='ltr'>Quasi</span> <span class='ocrx_word' id='word_1_362' title='bbox 1568 4083 1624 4141; x_wconf 91' lang='lat' dir='ltr'>aut</span> <span class='ocrx_word' id='word_1_363' title='bbox 1646 4115 1690 4123; x_wconf 96' lang='lat'><strong>—</strong></span> <span class='ocrx_word' id='word_1_364' title='bbox 1707 4083 1794 4142; x_wconf 88' lang='lat' dir='ltr'>esset</span> <span class='ocrx_word' id='word_1_365' title='bbox 1810 4075 1937 4141; x_wconf 85' lang='lat' dir='ltr'>tuturus</span> <span class='ocrx_word' id='word_1_366' title='bbox 1953 4083 2009 4140; x_wconf 88' lang='lat' dir='ltr'>aut</span> 
     </span>
     <span class='ocr_line' id='line_1_36' title="bbox 181 4182 2008 4267; baseline -0.001 -18"><span class='ocrx_word' id='word_1_367' title='bbox 181 4219 241 4232; x_wconf 74' lang='lat'>—-</span> <span class='ocrx_word' id='word_1_368' title='bbox 265 4191 422 4249; x_wconf 89' lang='lat' dir='ltr'>venturus</span> <span class='ocrx_word' id='word_1_369' title='bbox 445 4190 533 4248; x_wconf 91' lang='lat' dir='ltr'>esset</span> <span class='ocrx_word' id='word_1_370' title='bbox 556 4203 586 4248; x_wconf 83' lang='lat' dir='ltr'>o:</span> <span class='ocrx_word' id='word_1_371' title='bbox 622 4185 716 4266; x_wconf 89' lang='lat' dir='ltr'>quasi</span> <span class='ocrx_word' id='word_1_372' title='bbox 740 4189 868 4265; x_wconf 88' lang='lat' dir='ltr'>putaret</span> <span class='ocrx_word' id='word_1_373' title='bbox 891 4190 946 4247; x_wconf 86' lang='lat' dir='ltr'>aut</span> <span class='ocrx_word' id='word_1_374' title='bbox 970 4202 1060 4247; x_wconf 90' lang='lat' dir='ltr'>reum</span> <span class='ocrx_word' id='word_1_375' title='bbox 1086 4203 1264 4267; x_wconf 92' lang='lat' dir='ltr'>numquam</span> <span class='ocrx_word' id='word_1_376' title='bbox 1288 4203 1324 4250; x_wconf 92' lang='lat' dir='ltr'>se</span> <span class='ocrx_word' id='word_1_377' title='bbox 1348 4204 1423 4250; x_wconf 91' lang='lat' dir='ltr'>esse</span> <span class='ocrx_word' id='word_1_378' title='bbox 1446 4184 1591 4250; x_wconf 87' lang='lat' dir='ltr'>futurum</span> <span class='ocrx_word' id='word_1_379' title='bbox 1614 4190 1671 4248; x_wconf 90' lang='lat' dir='ltr'>aut</span> <span class='ocrx_word' id='word_1_380' title='bbox 1694 4203 1759 4267; x_wconf 92' lang='lat' dir='ltr'>quo</span> <span class='ocrx_word' id='word_1_381' title='bbox 1783 4182 1878 4266; x_wconf 91' lang='lat' dir='ltr'>plura</span> <span class='ocrx_word' id='word_1_382' title='bbox 1901 4184 2008 4247; x_wconf 91' lang='lat' dir='ltr'>abstu-</span> 
     </span>
     <span class='ocr_line' id='line_1_37' title="bbox 187 4290 1219 4372; baseline -0.002 -15"><span class='ocrx_word' id='word_1_383' title='bbox 187 4290 291 4357; x_wconf 91' lang='lat' dir='ltr'>]isset</span> <span class='ocrx_word' id='word_1_384' title='bbox 313 4309 353 4356; x_wconf 95' lang='lat' dir='ltr'>eo</span> <span class='ocrx_word' id='word_1_385' title='bbox 379 4291 503 4355; x_wconf 90' lang='lat' dir='ltr'>minore</span> <span class='ocrx_word' id='word_1_386' title='bbox 529 4291 675 4372; x_wconf 90' lang='lat' dir='ltr'>periculo</span> <span class='ocrx_word' id='word_1_387' title='bbox 700 4291 733 4353; x_wconf 90' lang='lat' dir='ltr'>in</span> <span class='ocrx_word' id='word_1_388' title='bbox 754 4290 915 4372; x_wconf 88' lang='lat' dir='ltr'>judicium</span> <span class='ocrx_word' id='word_1_389' title='bbox 939 4296 1113 4355; x_wconf 89' lang='lat' dir='ltr'>venturum</span> <span class='ocrx_word' id='word_1_390' title='bbox 1137 4309 1219 4356; x_wconf 92' lang='lat' dir='ltr'>esse.</span> 
     </span>
    </p>

    <p class='ocr_par' dir='ltr' id='par_1_17' title="bbox 196 4397 2008 4694">
     <span class='ocr_line' id='line_1_38' title="bbox 361 4397 2008 4482; baseline 0 -21"><span class='ocrx_word' id='word_1_391' title='bbox 361 4397 394 4461; x_wconf 93' lang='lat' dir='ltr'>ln</span> <span class='ocrx_word' id='word_1_392' title='bbox 426 4398 534 4479; x_wconf 89' lang='lat' dir='ltr'>priore</span> <span class='ocrx_word' id='word_1_393' title='bbox 558 4403 666 4461; x_wconf 88' lang='lat' dir='ltr'>autem</span> <span class='ocrx_word' id='word_1_394' title='bbox 692 4398 854 4461; x_wconf 90' lang='lat' dir='ltr'>sententia</span> <span class='ocrx_word' id='word_1_395' title='bbox 878 4398 1113 4478; x_wconf 87' lang='lat' dir='ltr'>comparativa:</span> <span class='ocrx_word' id='word_1_396' title='bbox 1140 4404 1305 4481; x_wconf 89' lang='lat' dir='ltr'>tamquam</span> <span class='ocrx_word' id='word_1_397' title='bbox 1331 4399 1489 4464; x_wconf 88' lang='lat' dir='ltr'>rationem</span> <span class='ocrx_word' id='word_1_398' title='bbox 1512 4399 1690 4482; x_wconf 88' lang='lat' dir='ltr'>aliquando</span> <span class='ocrx_word' id='word_1_399' title='bbox 1714 4404 1800 4462; x_wconf 90' lang='lat' dir='ltr'>esset</span> <span class='ocrx_word' id='word_1_400' title='bbox 1823 4398 2008 4463; x_wconf 88' lang='lat' dir='ltr'>redditurus</span> 
     </span>
     <span class='ocr_line' id='line_1_39' title="bbox 198 4503 2008 4586; baseline -0.001 -17"><span class='ocrx_word' id='word_1_401' title='bbox 198 4504 307 4569; x_wconf 85' lang='lat' dir='ltr'>torma</span> <span class='ocrx_word' id='word_1_402' title='bbox 331 4503 572 4586; x_wconf 88' lang='lat' dir='ltr'>periphrastica</span> <span class='ocrx_word' id='word_1_403' title='bbox 595 4503 865 4584; x_wconf 87' lang='lat' dir='ltr'>significationem</span> <span class='ocrx_word' id='word_1_404' title='bbox 890 4504 1018 4569; x_wconf 90' lang='lat' dir='ltr'>consilii</span> <span class='ocrx_word' id='word_1_405' title='bbox 1041 4523 1119 4586; x_wconf 89' lang='lat' dir='ltr'>prae</span> <span class='ocrx_word' id='word_1_406' title='bbox 1143 4523 1179 4568; x_wconf 91' lang='lat' dir='ltr'>se</span> <span class='ocrx_word' id='word_1_407' title='bbox 1203 4504 1264 4569; x_wconf 87' lang='lat' dir='ltr'>fert</span> <span class='ocrx_word' id='word_1_408' title='bbox 1280 4525 1311 4570; x_wconf 86' lang='lat' dir='ltr'>o:</span> <span class='ocrx_word' id='word_1_409' title='bbox 1336 4525 1407 4570; x_wconf 93' lang='lat' dir='ltr'>som</span> <span class='ocrx_word' id='word_1_410' title='bbox 1432 4525 1486 4569; x_wconf 94' lang='lat' dir='ltr'>om</span> <span class='ocrx_word' id='word_1_411' title='bbox 1510 4507 1574 4569; x_wconf 91' lang='lat' dir='ltr'>han</span> <span class='ocrx_word' id='word_1_412' title='bbox 1598 4506 1709 4570; x_wconf 71' lang='lat' dir='ltr'>tankte</span> <span class='ocrx_word' id='word_1_413' title='bbox 1733 4511 1836 4569; x_wconf 86' lang='lat' dir='ltr'>atton</span> <span class='ocrx_word' id='word_1_414' title='bbox 1859 4503 1942 4586; x_wconf 70' lang='lat' dir='ltr'>gdng</span> <span class='ocrx_word' id='word_1_415' title='bbox 1966 4504 2008 4569; x_wconf 85' lang='lat' dir='ltr'>at-</span> 
     </span>
     <span class='ocr_line' id='line_1_40' title="bbox 196 4611 501 4694; baseline -0.01 -18"><span class='ocrx_word' id='word_1_416' title='bbox 196 4611 284 4694; x_wconf 85' lang='lat' dir='ltr'>gitva</span> <span class='ocrx_word' id='word_1_417' title='bbox 307 4611 501 4692; x_wconf 80' lang='lat' dir='ltr'>ratenskap.</span> 
     </span>
    </p>

    <p class='ocr_par' dir='ltr' id='par_1_18' title="bbox 358 4718 1776 4802">
     <span class='ocr_line' id='line_1_41' title="bbox 358 4718 1776 4802; baseline 0 -20"><span class='ocrx_word' id='word_1_418' title='bbox 358 4719 391 4801; x_wconf 88' lang='grc'>2)</span> <span class='ocrx_word' id='word_1_419' title='bbox 415 4719 534 4782; x_wconf 87' lang='lat' dir='ltr'>Forma</span> <span class='ocrx_word' id='word_1_420' title='bbox 557 4718 794 4800; x_wconf 87' lang='lat' dir='ltr'>periphrastica</span> <span class='ocrx_word' id='word_1_421' title='bbox 817 4718 986 4799; x_wconf 87' lang='lat' dir='ltr'>significat,</span> <span class='ocrx_word' id='word_1_422' title='bbox 1012 4719 1156 4802; x_wconf 87' lang='lat' dir='ltr'>aliquem</span> <span class='ocrx_word' id='word_1_423' title='bbox 1174 4721 1208 4784; x_wconf 90' lang='lat' dir='ltr'>in</span> <span class='ocrx_word' id='word_1_424' title='bbox 1231 4720 1342 4784; x_wconf 87' lang='lat' dir='ltr'>animo</span> <span class='ocrx_word' id='word_1_425' title='bbox 1367 4718 1487 4784; x_wconf 91' lang='lat' dir='ltr'>habere</span> <span class='ocrx_word' id='word_1_426' title='bbox 1512 4719 1634 4800; x_wconf 91' lang='lat' dir='ltr'>aliquid</span> <span class='ocrx_word' id='word_1_427' title='bbox 1659 4718 1776 4785; x_wconf 85' lang='lat' dir='ltr'>tacere.</span> 
     </span>
    </p>
   </div>
   <div class='ocr_carea' id='block_1_5' title="bbox 198 4824 2007 5337">
    <p class='ocr_par' dir='ltr' id='par_1_19' title="bbox 199 4824 2007 5019">
     <span class='ocr_line' id='line_1_42' title="bbox 357 4824 2007 4921; baseline 0 -31"><span class='ocrx_word' id='word_1_428' title='bbox 357 4826 448 4890; x_wconf 90' lang='lat' dir='ltr'>Verr.</span> <span class='ocrx_word' id='word_1_429' title='bbox 483 4825 509 4888; x_wconf 93' lang='lat' dir='ltr'>ll</span> <span class='ocrx_word' id='word_1_430' title='bbox 542 4824 564 4911; x_wconf 66' lang='grc' dir='ltr'>ξ</span> <span class='ocrx_word' id='word_1_431' title='bbox 599 4825 676 4889; x_wconf 89' lang='grc'>183;</span> <span class='ocrx_word' id='word_1_432' title='bbox 712 4826 825 4889; x_wconf 91' lang='lat' dir='ltr'>omitto</span> <span class='ocrx_word' id='word_1_433' title='bbox 859 4825 899 4888; x_wconf 91' lang='lat' dir='ltr'>de</span> <span class='ocrx_word' id='word_1_434' title='bbox 933 4826 1038 4902; x_wconf 90' lang='lat' dir='ltr'>melle,</span> <span class='ocrx_word' id='word_1_435' title='bbox 1073 4827 1131 4890; x_wconf 91' lang='lat' dir='ltr'>sed</span> <span class='ocrx_word' id='word_1_436' title='bbox 1160 4833 1285 4891; x_wconf 91' lang='lat' dir='ltr'>tantum</span> <span class='ocrx_word' id='word_1_437' title='bbox 1309 4826 1526 4891; x_wconf 88' lang='lat' dir='ltr'>Melitensium</span> <span class='ocrx_word' id='word_1_438' title='bbox 1551 4828 1608 4912; x_wconf 75' lang='lat' dir='ltr'>(sc.</span> <span class='ocrx_word' id='word_1_439' title='bbox 1633 4846 1699 4910; x_wconf 89' lang='lat' dir='ltr'>quo</span> <span class='ocrx_word' id='word_1_440' title='bbox 1723 4827 1780 4891; x_wconf 88' lang='lat' dir='ltr'>tibi</span> <span class='ocrx_word' id='word_1_441' title='bbox 1804 4826 2007 4921; x_wconf 29' lang='lat' dir='ltr'>opus&#39;tuerit</span> 
     </span>
     <span class='ocr_line' id='line_1_43' title="bbox 199 4931 1345 5019; baseline 0 -21"><span class='ocrx_word' id='word_1_442' title='bbox 199 4931 342 5019; x_wconf 79' lang='lat' dir='ltr'>quaero),</span> <span class='ocrx_word' id='word_1_443' title='bbox 369 4935 462 5015; x_wconf 89' lang='lat' dir='ltr'>quasi</span> <span class='ocrx_word' id='word_1_444' title='bbox 487 4933 584 4997; x_wconf 88' lang='lat' dir='ltr'>ctiam</span> <span class='ocrx_word' id='word_1_445' title='bbox 609 4934 792 4997; x_wconf 89' lang='lat' dir='ltr'>amicorum</span> <span class='ocrx_word' id='word_1_446' title='bbox 816 4950 936 4996; x_wconf 90' lang='lat' dir='ltr'>uxores</span> <span class='ocrx_word' id='word_1_447' title='bbox 962 4970 1001 4978; x_wconf 92' lang='lat'>-</span> <span class='ocrx_word' id='word_1_448' title='bbox 1027 4936 1219 4999; x_wconf 83' lang='lat' dir='ltr'>ornaturus</span> <span class='ocrx_word' id='word_1_449' title='bbox 1244 4952 1345 4998; x_wconf 85' lang='lat' dir='ltr'>esses.</span> 
     </span>
    </p>

    <p class='ocr_par' dir='ltr' id='par_1_20' title="bbox 357 5039 1716 5123">
     <span class='ocr_line' id='line_1_44' title="bbox 357 5039 1716 5123; baseline 0.001 -19"><span class='ocrx_word' id='word_1_450' title='bbox 357 5039 390 5121; x_wconf 89' lang='lat'>3)</span> <span class='ocrx_word' id='word_1_451' title='bbox 414 5040 460 5105; x_wconf 90' lang='lat' dir='ltr'>De</span> <span class='ocrx_word' id='word_1_452' title='bbox 484 5059 534 5112; x_wconf 88' lang='lat' dir='ltr'>co,</span> <span class='ocrx_word' id='word_1_453' title='bbox 560 5041 615 5122; x_wconf 93' lang='lat' dir='ltr'>qui</span> <span class='ocrx_word' id='word_1_454' title='bbox 640 5039 828 5104; x_wconf 82' lang='lat' dir='ltr'>facultatem</span> <span class='ocrx_word' id='word_1_455' title='bbox 852 5039 950 5103; x_wconf 88' lang='lat' dir='ltr'>habet</span> <span class='ocrx_word' id='word_1_456' title='bbox 974 5039 1097 5122; x_wconf 90' lang='lat' dir='ltr'>aliquid</span> <span class='ocrx_word' id='word_1_457' title='bbox 1122 5040 1229 5105; x_wconf 88' lang='lat' dir='ltr'>tacere</span> <span class='ocrx_word' id='word_1_458' title='bbox 1253 5041 1395 5122; x_wconf 89' lang='lat' dir='ltr'>positum</span> <span class='ocrx_word' id='word_1_459' title='bbox 1419 5046 1470 5105; x_wconf 92' lang='lat' dir='ltr'>est</span> <span class='ocrx_word' id='word_1_460' title='bbox 1494 5041 1549 5105; x_wconf 86' lang='lat' dir='ltr'>tut.</span> <span class='ocrx_word' id='word_1_461' title='bbox 1575 5041 1716 5123; x_wconf 88' lang='lat' dir='ltr'>periphr.</span> 
     </span>
    </p>

    <p class='ocr_par' dir='ltr' id='par_1_21' title="bbox 198 5144 2004 5337">
     <span class='ocr_line' id='line_1_45' title="bbox 357 5144 2003 5231; baseline -0.001 -21"><span class='ocrx_word' id='word_1_462' title='bbox 357 5165 403 5210; x_wconf 90' lang='lat' dir='ltr'>or.</span> <span class='ocrx_word' id='word_1_463' title='bbox 421 5165 479 5228; x_wconf 90' lang='lat' dir='ltr'>pro</span> <span class='ocrx_word' id='word_1_464' title='bbox 499 5145 624 5210; x_wconf 89' lang='lat' dir='ltr'>Cluent.</span> <span class='ocrx_word' id='word_1_465' title='bbox 649 5144 672 5231; x_wconf 67' lang='grc' dir='ltr'><strong><em>ξ</em></strong></span> <span class='ocrx_word' id='word_1_466' title='bbox 698 5147 772 5211; x_wconf 87' lang='grc'>187;</span> <span class='ocrx_word' id='word_1_467' title='bbox 807 5145 990 5211; x_wconf 86' lang='lat' dir='ltr'>Stratonem</span> <span class='ocrx_word' id='word_1_468' title='bbox 1016 5183 1055 5192; x_wconf 87' lang='lat'>—-</span> <span class='ocrx_word' id='word_1_469' title='bbox 1082 5148 1114 5210; x_wconf 93' lang='lat' dir='ltr'>in</span> <span class='ocrx_word' id='word_1_470' title='bbox 1139 5166 1270 5211; x_wconf 90' lang='lat' dir='ltr'>crucem</span> <span class='ocrx_word' id='word_1_471' title='bbox 1295 5166 1368 5212; x_wconf 91' lang='lat' dir='ltr'>esse</span> <span class='ocrx_word' id='word_1_472' title='bbox 1391 5154 1500 5212; x_wconf 91' lang='lat' dir='ltr'>actum</span> <span class='ocrx_word' id='word_1_473' title='bbox 1525 5154 1656 5212; x_wconf 90' lang='lat' dir='ltr'>exsecta</span> <span class='ocrx_word' id='word_1_474' title='bbox 1679 5149 1795 5212; x_wconf 91' lang='lat' dir='ltr'>scitote</span> <span class='ocrx_word' id='word_1_475' title='bbox 1819 5147 1929 5228; x_wconf 91' lang='lat' dir='ltr'>lingua</span> <span class='ocrx_word' id='word_1_476' title='bbox 1952 5184 2003 5209; x_wconf 93' lang='lat'>-.</span> 
     </span>
     <span class='ocr_line' id='line_1_46' title="bbox 198 5251 2004 5337; baseline 0.001 -21"><span class='ocrx_word' id='word_1_477' title='bbox 198 5251 318 5317; x_wconf 87' lang='lat' dir='ltr'>Timuit</span> <span class='ocrx_word' id='word_1_478' title='bbox 341 5252 458 5318; x_wconf 92' lang='lat' dir='ltr'>mulier</span> <span class='ocrx_word' id='word_1_479' title='bbox 480 5271 594 5316; x_wconf 90' lang='lat' dir='ltr'>amens</span> <span class='ocrx_word' id='word_1_480' title='bbox 619 5271 685 5316; x_wconf 93' lang='lat' dir='ltr'>non</span> <span class='ocrx_word' id='word_1_481' title='bbox 708 5272 801 5317; x_wconf 91' lang='lat' dir='ltr'>suam</span> <span class='ocrx_word' id='word_1_482' title='bbox 826 5253 1072 5330; x_wconf 88' lang='lat' dir='ltr'>conscientiam,</span> <span class='ocrx_word' id='word_1_483' title='bbox 1098 5273 1165 5318; x_wconf 93' lang='lat' dir='ltr'>non</span> <span class='ocrx_word' id='word_1_484' title='bbox 1182 5254 1292 5319; x_wconf 89' lang='lat' dir='ltr'>odium</span> <span class='ocrx_word' id='word_1_485' title='bbox 1311 5255 1522 5337; x_wconf 91' lang='lat' dir='ltr'>municipum,</span> <span class='ocrx_word' id='word_1_486' title='bbox 1540 5272 1606 5319; x_wconf 93' lang='lat' dir='ltr'>non</span> <span class='ocrx_word' id='word_1_487' title='bbox 1624 5253 1743 5318; x_wconf 87' lang='lat' dir='ltr'>tamam</span> <span class='ocrx_word' id='word_1_488' title='bbox 1762 5255 1919 5327; x_wconf 92' lang='lat' dir='ltr'>omnium,</span> <span class='ocrx_word' id='word_1_489' title='bbox 1936 5254 2004 5330; x_wconf 90' lang='lat' dir='ltr'>sed,</span> 
     </span>
    </p>
   </div>
   <div class='ocr_carea' id='block_1_6' title="bbox 0 0 2164 5796">
    <p class='ocr_par' dir='ltr' id='par_1_22' title="bbox 0 0 2164 5796">
     <span class='ocr_line' id='line_1_47' title="bbox 0 0 2164 5796; baseline 0 0"><span class='ocrx_word' id='word_1_490' title='bbox 0 0 2164 5796; x_wconf 95' lang='lat' dir='ltr'> </span> 
     </span>
    </p>
   </div>
  </div>
 </body>
</html>
