4274 5790
768 786 1107 901 Enuutiatiunes
1144 787 1374 927 temporis,

328 1000 597 1066 Enuntiatiouum
631 1002 787 1082 temporis
816 1007 941 1065 tantum
975 1021 1044 1079 eae,
1080 1021 1165 1085 quae
1189 1010 1271 1084 part.
1296 1021 1407 1086 quum
1431 1000 1622 1077 inferuntur,
1647 1002 1894 1084 conjunctivum
1920 1000 1981 1064 lut.

166 1110 307 1191 periphr.
332 1109 463 1173 habent.
512 1108 583 1172 Hoc
607 1127 717 1192 quum
741 1113 798 1173 aut
820 1107 900 1172 illud
924 1109 1113 1191 temporale,
1140 1110 1228 1191 quud
1252 1110 1383 1191 proprie
1402 1126 1545 1192 vereque
1569 1108 1696 1184 dicitur,
1721 1115 1771 1173 est
1794 1116 1851 1172 aut
1867 1126 1984 1192 quum

166 1217 366 1292 historicum,
392 1217 480 1299 quod
504 1222 633 1279 vocant.
680 1216 843 1297 Tempora
866 1216 1108 1296 conjugationis
1131 1216 1334 1299 periphrast.,
1360 1234 1444 1297 quae
1461 1217 1494 1280 in
1515 1216 1566 1279 his
1584 1216 1754 1280 sententiis
1770 1213 1981 1291 adhibentur,

165 1329 240 1386 sunt
274 1341 431 1404 praesens
464 1330 496 1386 et
529 1321 765 1403 imperfectum.
821 1322 941 1387 Forma
973 1322 1210 1404 periphrastica
1244 1322 1405 1405 significat
1441 1321 1472 1407 1)
1495 1322 1638 1404 aliquem
1663 1323 1696 1386 in
1720 1323 1831 1387 animo
1856 1322 1983 1387 habere

165 1429 289 1511 aliquid
313 1428 431 1505 lacere,
466 1427 498 1514 2)
523 1428 646 1512 aliquid
670 1430 704 1493 iu
728 1447 768 1493 eo
793 1447 875 1504 esse,
901 1435 937 1492 ut
960 1428 1016 1492 liat
1039 1429 1090 1492 vel
1115 1430 1257 1512 aliquem
1278 1431 1414 1514 jamjam
1440 1448 1513 1494 esse
1537 1436 1686 1511 paratum
1711 1429 1833 1512 aliquid
1858 1428 1982 1505 lacere,

166 1540 198 1616 3)
221 1535 345 1618 aliquid
369 1553 442 1599 esse
466 1540 502 1599 ut
526 1534 581 1599 liat
605 1535 774 1618 aliquare
798 1537 1022 1612 coustitutum,
1047 1533 1080 1621 4)
1104 1536 1227 1619 aliquid
1250 1555 1327 1601 vere
1351 1554 1424 1601 esse
1449 1535 1602 1600 futurum.

273 1688 305 1765 1)
327 1686 478 1770 Aliquem
504 1688 538 1751 in
561 1688 673 1751 animo
697 1686 819 1752 habere
842 1687 965 1770 aliquid
990 1686 1107 1752 lacere.

325 1811 419 1893 Conj.
445 1807 642 1898 imperfecti
663 1809 762 1876 futuri
785 1811 979 1894 periphrast.

325 1917 416 1983 Ollio.
452 1918 492 1982 lll
524 1916 547 2004 ξ
580 1919 636 1982 66;
672 1924 716 1995 ut,
751 1938 851 2001 quum
876 1919 909 1982 iu
933 1936 1009 1982 arce
1033 1919 1204 1999 augurium
1228 1937 1368 2000 augures
1394 1917 1508 1984 acturi
1529 1922 1644 1984 essent
1661 1919 1905 2002 jussissentque
1928 1919 1979 1983 Ti.

165 2024 338 2089 Claudium
365 2063 402 2072 -
430 2025 580 2089 demoliri
604 2043 652 2100 ea,
679 2044 819 2108 quorum
843 2025 981 2089 altitudo
1006 2024 1151 2090 officeret
1175 2026 1340 2107 auspiciis,
1366 2024 1524 2091 Claudius
1548 2027 1740 2109 proscripsit
1763 2025 1915 2089 insulam.

327 2127 443 2205 Quum
467 2132 659 2196 historicum
683 2133 831 2215 sequitur
854 2132 917 2196 hoo
942 2138 1071 2214 tempus
1095 2132 1158 2197 hac
1182 2133 1214 2195 vi
1238 2132 1420 2214 praeditum
1443 2134 1541 2197 etiarn

325 2239 389 2304 Att.
424 2240 463 2316 X,
489 2240 519 2315 2,
545 2240 577 2303 1:
613 2257 673 2321 ego
706 2258 808 2322 quum
836 2239 1040 2321 accepissem
1065 2245 1137 2303 tuas
1160 2239 1285 2304 litteras
1309 2239 1412 2303 Nonis
1436 2238 1603 2321 Aprilibus
1628 2278 1669 2287 —
1694 2257 1876 2324 essemque
1898 2237 1980 2304 blin-

164 2346 268 2410 turnis
292 2346 449 2428 postridie
474 2363 674 2422 mansurus,
700 2351 736 2409 ut
758 2345 834 2409 inde
858 2346 1017 2427 protinus,
1044 2346 1186 2409 sustinui
1210 2365 1263 2411 me
1287 2348 1320 2410 in
1342 2345 1473 2411 Arcano
1498 2347 1615 2411 tratris.

325 2451 450 2517 Eodem
485 2452 547 2528 die,
580 2471 646 2532 quo
680 2458 855 2534 acceperat
886 2451 1058 2535 epistolam
1086 2450 1193 2527 Attici,
1220 2472 1321 2534 quum
1350 2452 1391 2517 ad
1415 2472 1488 2517 eam
1513 2454 1735 2535 responderet,
1760 2453 1917 2537 sequitur,
1942 2459 1981 2517 ut

164 2560 338 2641 praeterita
362 2559 459 2640 hujus
483 2559 625 2641 exempli
648 2559 690 2622 ad
714 2560 746 2623 id
770 2578 873 2641 genus
897 2560 1147 2641 praeteritorum
1170 2561 1364 2642 pertineant,
1389 2579 1473 2643 quae
1498 2560 1629 2642 propria
1662 2566 1738 2623 sunt
1762 2559 1978 2641 epistolarum

163 2665 328 2731 scribendi
352 2666 490 2746 generis,
516 2671 614 2748 atque
637 2684 657 2730 a
681 2664 777 2730 nobis
792 2665 959 2731 reddenda
975 2666 1040 2729 sint
1055 2666 1258 2748 temporibus
1275 2666 1517 2749 praesentibus:
1544 2665 1640 2730 hodie
1661 2666 1777 2746 (Nouis
1797 2665 1979 2749 Aprilibus)

163 2794 263 2857 quum
297 2770 416 2857 occepi
448 2780 520 2837 tuas
553 2773 744 2838 litteras-
768 2791 917 2859 sumque
948 2772 1120 2838 Minturnis
1144 2793 1218 2838 cras
1243 2790 1442 2849 mansurus,
1468 2771 1686 2838 -sustineo
1711 2792 1762 2838 me
1786 2774 1820 2837 in
1843 2772 1978 2839 Arcano

162 2880 279 2944 fratris.

322 2987 466 3051 Tertium
500 2992 550 3051 est
581 3004 631 3051 ex.
666 2987 751 3067 conj.
784 2985 909 3068 imperi.
944 2985 1000 3050 fut.
1035 2986 1176 3068 periphr.
1211 2988 1244 3050 in
1277 2986 1439 3051 sententia
1462 3005 1482 3051 a
1505 3006 1613 3072 quum
1638 2987 1825 3068 incipiente,
1849 2987 1884 3050 in
1909 3005 1977 3070 quo

126 3140 128 3144 »
163 3092 306 3158 futurum
331 3094 472 3176 periphr.
498 3092 637 3159 tortasse
661 3095 746 3158 hanc
771 3094 811 3158 de
835 3112 900 3176 qua
924 3094 1030 3174 agitur
1053 3095 1118 3156 vim
1142 3093 1271 3159 habeat.
1320 3093 1513 3175 Exemplum
1546 3093 1661 3175 legitur
1693 3112 1752 3174 pro
1777 3092 1811 3157 Ρ.
1845 3092 1975 3173 Quinct.

162 3220 208 3265 or.
233 3199 256 3286 ξ
279 3203 331 3265 77.
379 3201 415 3265 ln
448 3202 510 3265 hac
545 3201 749 3283 paragrapho
783 3206 893 3264 narrat
926 3198 1052 3274 Cicer0,
1088 3218 1123 3264 se
1159 3200 1214 3264 diu
1249 3200 1453 3284 multumque
1476 3200 1653 3274 dubitasse,
1677 3219 1756 3264 num
1780 3217 1916 3264 causam
1939 3199 1976 3263 P.

161 3308 303 3389 Quinctii
328 3308 567 3373 defendendam
592 3307 782 3389 susciperet,
807 3313 906 3389 atque
930 3305 966 3386 Q.
993 3307 1125 3383 Roscio,
1150 3309 1335 3391 propinquo
1360 3309 1440 3384 eius,
1466 3325 1537 3371 ase
1553 3306 1765 3370 vehementer
1787 3306 1920 3387 petenti,
1940 3313 1979 3371 ut

161 3416 383 3499 propinquum
407 3433 503 3478 suurn
529 3412 728 3488 detenderet,
752 3413 933 3477 excusandi
957 3431 1059 3477 causa
1082 3414 1307 3495 respondisse:

326 3521 423 3585 »mihi
447 3520 548 3584 uideri
574 3522 631 3600 (sc.
658 3519 724 3582 dixi
748 3520 790 3599 ei)
812 3536 869 3583 ore
894 3519 1069 3584 durissimo
1094 3538 1177 3596 esse,
1203 3521 1258 3603 qui
1282 3526 1455 3603 praesente
1471 3519 1511 3584 eo
1529 3525 1655 3601 gestum
1672 3538 1768 3601 agere
1784 3524 1976 3584 conaretur:

162 3629 217 3711 qui
250 3647 328 3693 vero
362 3647 437 3692 cum
462 3628 534 3708 ipso
559 3626 804 3702 contenderent,
830 3643 898 3702 coe,
924 3627 1021 3691 etiarn
1047 3628 1074 3690 si
1099 3627 1176 3710 quid
1201 3634 1299 3693 antea
1322 3629 1402 3691 recti
1425 3632 1482 3690 aut
1504 3628 1633 3692 venusti
1657 3627 1780 3692 habere
1803 3627 1864 3690 visi
1888 3632 1976 3702 sunt,

161 3736 193 3799 id
226 3737 389 3799 amittere:
425 3753 466 3798 ne
499 3734 576 3816 quid
609 3733 688 3796 mihi
718 3733 880 3798 eiusmodi
912 3733 1086 3810 accideret,
1112 3754 1213 3817 quum
1237 3739 1353 3798 contra
1376 3732 1474 3796 talem
1499 3732 1657 3798 artificem
1682 3730 1839 3798 dicturus
1863 3750 1978 3798 essem

160 3844 219 3924 (sc.
245 3842 352 3924 qualis
375 3847 462 3906 esset
485 3840 701 3921 Hortensius),
727 3857 779 3904 me
802 3840 937 3905 vereri.»

321 3948 356 4011 ln
389 3947 452 4012 huc
486 3965 534 4012 ex.
568 3965 636 4011 non
668 3946 846 4010 admodum
880 3951 1005 4011 cenum
1038 3952 1070 4010 et
1102 3952 1251 4029 apertum
1284 3946 1517 4025 emendetur,
1550 3949 1645 4012 cuius
1669 3949 1797 4035 generis
1821 3948 1863 4011 sit
1886 3954 1969 4030 part.

161 4074 279 4140 quum,
305 4061 413 4119 utrum
436 4053 580 4118 causalis
604 4072 647 4117 an
671 4052 861 4134 temporalis
885 4060 965 4135 part.
991 4054 1042 4117 sit.
1081 4053 1144 4117 Pro
1161 4054 1323 4118 sententia
1339 4053 1464 4117 causali
1480 4054 1508 4118 si
1526 4053 1686 4119 habeatur
1701 4055 1783 4119 haec
1800 4055 1974 4131 sententia,

161 4162 348 4227 condicioni
382 4161 480 4226 alicui
513 4160 622 4225 verbis
655 4178 722 4224 non
756 4177 947 4241 expressae:
990 4157 1022 4225 si
1052 4179 1198 4226 causum
1230 4157 1459 4243 suscepissem
1491 4161 1637 4226 simileve
1670 4160 1792 4243 aliquid
1825 4160 1976 4243 subjecta

160 4267 296 4332 videtur.
343 4268 457 4351 Neque
490 4273 601 4331 tamen
634 4267 743 4330 minus
766 4268 835 4330 reri
859 4266 964 4330 simile
989 4267 1068 4331 mihi
1092 4270 1219 4333 videtur
1241 4286 1351 4352 quum
1374 4286 1434 4349 pro
1458 4267 1630 4349 temporali
1653 4272 1735 4349 part.
1759 4285 1833 4332 esse
1857 4268 1976 4351 accipi·

160 4375 291 4440 endum.
341 4373 407 4439 Sed
432 4380 499 4438 tum
524 4374 606 4439 haec
630 4375 794 4438 sententia
818 4374 1007 4455 temporalis
1031 4381 1164 4456 propter
1187 4375 1251 4438 loci
1275 4393 1410 4439 sensum
1433 4392 1505 4438 eam
1530 4375 1595 4438 vim
1620 4372 1727 4448 habet,
1752 4379 1788 4439 ut
1811 4378 1976 4439 sententia

160 4481 372 4563 hypothetica
397 4482 515 4545 mutari
539 4482 652 4563 possit,
679 4487 711 4544 et
734 4499 812 4545 vero
837 4481 998 4545 eiusmodi
1022 4487 1103 4545 sent.
1128 4481 1349 4563 hypothetica,
1375 4500 1439 4563 qua
1456 4482 1534 4564 quid
1549 4487 1705 4556 sumatur,
1723 4481 1811 4565 quod
1829 4480 1974 4547 futurum

160 4589 305 4652 nonsit:
331 4585 363 4651 si
385 4584 541 4653 dicturus
566 4604 678 4652 essem
701 4606 734 4651 a:
759 4594 793 4651 at
816 4587 963 4651 dicturus
987 4607 1053 4651 non
1078 4607 1160 4651 sum.
1217 4588 1253 4651 ln
1287 4589 1348 4652 hao
1381 4587 1779 4669 hypothetico-temporali
1811 4591 1975 4654 sententia

160 4694 305 4759 luturum
329 4695 602 4776 periphrasticum
627 4700 684 4759 aut
708 4693 903 4775 objectivam
928 4691 1026 4756 futuri
1050 4694 1207 4776 temporis
1230 4696 1295 4759 vim
1320 4694 1442 4759 habere
1466 4701 1587 4776 potest:
1607 4692 1649 4759 ds
1665 4694 1684 4759 l.
1704 4713 1757 4759 om
1769 4695 1827 4777 jag
1841 4695 1974 4761 komnre

160 4808 206 4866 att
238 4801 398 4885 upplr‘ada
424 4809 481 4866 aut
506 4802 683 4866 voluntatis
707 4809 737 4867 et
762 4801 891 4868 consilii
925 4821 956 4866 o:
986 4821 1087 4885 quum
1116 4801 1135 4866 l.
1170 4802 1197 4866 si
1232 4808 1297 4866 tam
1330 4820 1488 4883 arrogans
1520 4819 1638 4878 essem,
1671 4808 1707 4866 ut
1735 4808 1851 4867 contra
1874 4803 1975 4867 talem

159 4909 317 4974 artificem
342 4908 451 4973 dicere
475 4905 613 4974 uellem.

320 5015 367 5081 De
400 5021 480 5097 part.
516 5034 626 5099 quum
659 5035 718 5097 pro
742 5013 774 5079 si
795 5017 829 5080 in
857 5017 1130 5082 condicionaliter
1162 5017 1381 5100 hypotheticis
1409 5017 1579 5082 sententiis
1603 5013 1660 5080 cir.
1685 5014 1973 5085 Lattm—Miillar.

159 5121 181 5208 ξ
208 5122 281 5199 175,
304 5123 324 5186 2
348 5122 422 5186 adn.
451 5121 500 5196 10,
526 5122 582 5186 ubi
606 5128 761 5206 quattuor
777 5122 873 5186 huius
896 5124 944 5187 rei
967 5123 1147 5188 atteruntur
1169 5144 1230 5200 ex,
1255 5126 1341 5187 inter
1356 5140 1441 5203 quae
1458 5123 1500 5199 id,
1518 5123 1606 5206 quod
1623 5123 1729 5205 primo
1746 5121 1821 5189 loco
1838 5122 1974 5189 allatum
2006 5116 2014 5135 '

159 5237 217 5304 est,
243 5232 314 5295 siue
339 5228 439 5293 dubio
456 5228 520 5293 huc
538 5249 603 5293 non
620 5231 773 5312 pertinet:
800 5229 887 5293 Brut.
909 5230 980 5307 134,
999 5233 1054 5315 qui
1072 5232 1174 5306 locus,
1199 5250 1299 5312 quum
1317 5231 1362 5292 ita
1377 5247 1450 5292 sese
1467 5229 1599 5294 habeat:
1625 5228 1786 5317 (Catulus)
1803 5229 1972 5306 mattulis,
