4274 5790
1914 297 1935 360 3

169 471 270 533 maria
303 470 442 544 ellertur,
478 473 699 536 necessarium
732 473 782 536 sit.
831 471 858 536 A
887 492 953 555 quo
977 478 1148 554 expetatur
1172 473 1213 548 id,
1239 472 1327 556 quod
1352 475 1514 536 sententia
1538 474 1736 538 secundaria
1761 476 1908 551 sumitur,
1938 494 1978 540 ex

168 579 383 658 perpetuitate
407 578 580 642 verborum
605 579 716 644 videre
740 580 826 645 licet.
873 580 910 644 ln
933 579 1092 662 exemplis
1116 580 1223 644 allatis
1247 585 1397 645 versatur
1418 598 1472 645 res
1490 582 1523 645 in
1541 581 1681 645 aliorum
1698 581 1866 647 voluntate
1880 601 1979 666 quam

168 684 248 761 eius,
273 685 314 749 de
339 705 405 768 quo
429 686 638 767 praedicatur
660 688 823 752 sententia
846 688 1051 752 secundaria.
1099 687 1212 753 Potest
1235 695 1344 752 tamen
1369 689 1468 753 etiam
1492 689 1532 753 de
1557 687 1725 753 voluntate
1749 688 1889 771 subjecti
1908 708 1979 755 sen-

167 794 289 856 tentiae
322 793 538 858 secundariae
561 795 623 875 agi,
650 795 740 858 utin
764 794 860 860 Tusc.
886 795 974 877 Disp.
1000 794 1067 881 ll§
1092 795 1147 858 13:
1180 803 1225 871 tu,
1250 796 1277 859 si
1303 795 1380 878 quid
1405 813 1441 860 cs
1452 793 1635 883 facturae,
1661 815 1747 861 nova
1771 797 1881 880 aliqua
1904 816 1980 863 con·

168 900 279 981 quiras
303 906 441 981 oportet.

327 1008 534 1074 Postremum
558 1015 608 1073 est
632 1008 885 1084 observandum,
910 1010 944 1073 in
968 1009 1156 1073 huiusmodi
1181 1009 1324 1091 periodis
1349 1009 1568 1092 hypotheticis
1592 1030 1652 1092 pro
1681 1010 1790 1075 futuro
1815 1012 1979 1093 periphra-

168 1115 251 1178 stico
284 1116 382 1179 etiam
416 1116 561 1192 verbum,
596 1117 685 1200 quod
718 1122 768 1181 est
801 1113 901 1194 uelle,
936 1118 969 1181 in
999 1118 1122 1199 protasi
1147 1117 1255 1181 locum
1281 1135 1379 1199 posse
1402 1116 1534 1181 habere.
1582 1117 1646 1182 Pro
1670 1118 1821 1200 exemplo
1845 1118 1978 1183 afferam

167 1221 263 1286 Tusc.
289 1221 377 1304 Disp.
404 1223 432 1286 V
454 1223 477 1310 ξ
501 1225 558 1288 67:
583 1225 654 1289 eius
678 1227 733 1305 (=
759 1225 888 1305 mentis)
912 1224 1000 1289 bono
1026 1223 1199 1288 fruendum
1224 1230 1274 1289 est
1297 1225 1402 1305 igitur,
1427 1225 1455 1289 si
1479 1225 1566 1289 beati
1590 1243 1663 1289 esse
1689 1221 1860 1290 uolumus

328 1329 400 1394 Duo
433 1331 585 1414 exempla
616 1338 742 1396 restant
774 1332 816 1397 ad
849 1332 1060 1408 afferendum,
1094 1333 1127 1396 in
1159 1331 1278 1414 quibus
1309 1331 1459 1396 dubitare
1484 1332 1589 1408 liceat,
1616 1338 1724 1397 utrum
1748 1332 1979 1415 conjunctivus

167 1437 372 1518 periphrast,
408 1439 463 1521 qui
495 1440 528 1503 in
552 1440 592 1503 iis
616 1440 710 1516 inest,
735 1441 820 1504 hanc
845 1438 1061 1521 subjectivum
1085 1440 1160 1513 vim,
1186 1439 1226 1504 de
1251 1457 1316 1521 qua
1341 1458 1428 1503 nunc
1453 1440 1587 1520 egimus,
1613 1458 1678 1522 qua
1702 1439 1780 1522 quid
1804 1440 1845 1503 de
1870 1438 1979 1503 futuro

168 1545 212 1608 ita
235 1546 472 1626 pronuntietur,
498 1553 534 1610 ut
557 1552 646 1612 certa
669 1547 780 1630 aliqua
803 1548 886 1612 ratio
911 1552 1085 1629 spectetur,
1112 1565 1154 1611 an
1178 1546 1374 1629 objectivam
1399 1544 1498 1610 futuri
1525 1547 1681 1627 temporis
1707 1546 1979 1628 significationem

168 1651 296 1716 habeat.
344 1653 401 1716 Ex.
426 1661 516 1717 sunt:

326 1759 422 1824 Tusc.
448 1761 536 1843 Disp.
562 1762 574 1825 l
598 1761 620 1848 ξ
644 1760 700 1827 35:
726 1763 794 1826 veri
818 1761 923 1826 simile
947 1769 1005 1838 est,
1031 1781 1131 1844 quum
1157 1763 1298 1844 optimus
1323 1762 1462 1845 quisque
1478 1761 1627 1825 maxime
1648 1761 1829 1842 posteritati
1848 1761 1984 1835 serviat,

170 1884 243 1931 esse
267 1865 400 1950 aliquid,
426 1869 520 1932 cuius
543 1870 571 1932 is
595 1876 669 1951 post
693 1874 831 1934 mortem
856 1887 989 1933 sensum
1014 1867 1059 1933 sit
1080 1865 1272 1933 habiturus

329 1972 397 2039 Cat.
423 1974 463 2039 Μ,
488 1974 511 2061 ξ
535 1976 592 2040 66;
617 1995 707 2041 mors
731 1976 828 2040 etiam
854 1975 1007 2058 optanda,
1025 1977 1053 2039 si
1069 1975 1180 2057 aliquo
1197 1977 1343 2040 animum
1361 1976 1502 2052 deducit,
1522 1974 1577 2039 ubi
1599 1971 1801 2062 sitsuturus
1815 1980 1978 2038 aeternus.

328 2133 360 2221 3)
393 2135 630 2218 Conjunctivus
663 2155 768 2219 praes.
793 2135 849 2201 fut.
874 2137 1016 2218 periphr.
1041 2155 1081 2201 ea
1104 2136 1351 2219 significatione,
1377 2156 1442 2219 qua
1466 2142 1611 2219 potestas
1635 2144 1667 2201 et
1691 2137 1740 2200 vis
1764 2136 1904 2200 alicuius
1928 2136 1975 2198 rei

169 2241 340 2306 indicetur.
991 2252 994 2258 ’

329 2349 436 2414 Unum
475 2349 661 2432 exemplum
700 2351 764 2414 buc
801 2350 1018 2423 referendum,
1053 2351 1141 2434 quod
1174 2358 1284 2416 tamen
1314 2352 1359 2415 ita
1391 2361 1617 2434 comparatum
1651 2357 1709 2428 est,
1746 2359 1779 2415 ut
1813 2348 1978 2431 duplicem

168 2456 317 2520 admittat
341 2456 527 2538 explicandi
551 2459 722 2533 rationem,
748 2465 845 2539 prout
868 2458 1100 2540 conjunctivus
1124 2477 1182 2540 per
1205 2459 1293 2523 modi
1318 2459 1546 2523 attractionem
1571 2459 1698 2541 positus
1721 2476 1795 2522 esse
1819 2455 1980 2519 habeatur

168 2563 289 2627 autad
313 2583 415 2645 genus
439 2566 687 2629 consecutivum
712 2564 880 2630 reseratur.

329 2671 520 2754 Exemplum
545 2679 595 2737 est
1023 2728 1025 2732 ,

331 2777 384 2845 Or.
418 2798 477 2860 pro
511 2779 646 2844 Murena
669 2778 692 2866 ξ
718 2780 772 2844 19;
807 2799 926 2862 magna
954 2781 1026 2845 laus
1050 2787 1080 2845 et
1105 2787 1196 2862 grata
1220 2779 1409 2844 hominibus
1433 2798 1533 2842 unum
1559 2779 1725 2843 hominem
1751 2777 1921 2842 elaborare
1945 2778 1979 2841 in

169 2903 208 2948 ea
231 2885 378 2962 scientia,
404 2905 488 2969 quae
512 2885 555 2951 sit
578 2887 688 2951 multis
706 2884 910 2975 profutura.

328 2993 364 3056 ln
388 3013 454 3076 quo
478 3012 528 3058 ex.
554 2995 580 3058 si
605 2994 691 3077 conj.
717 3001 798 3059 sent.
824 2995 914 3060 relat.
941 3013 999 3078 per
1023 2996 1111 3060 modi
1134 2996 1362 3059 attractionem
1387 2995 1514 3076 positus
1538 3012 1611 3058 esse
1637 2992 1783 3068 habetur,
1803 2992 1905 3073 magis
1922 3009 1980 3073 per

168 3117 203 3162 se
228 3100 399 3176 indicatur,
425 3101 531 3184 qualis
555 3102 702 3172 scientia,
727 3103 768 3166 de
792 3121 858 3185 qua
880 3105 994 3185 agitur,
1020 3104 1070 3178 sit,
1096 3111 1194 3185 atque
1219 3104 1252 3166 in
1269 3102 1374 3166 torma
1390 3101 1627 3184 periphrastica
1645 3099 1816 3183 potestatis
1832 3105 1865 3162 et
1881 3097 1979 3162 lacul-

168 3208 243 3270 tatis
275 3207 325 3270 vis
358 3208 452 3272 inest.
509 3207 632 3273 Contra
664 3210 692 3273 si
724 3210 887 3274 sententia
919 3210 1056 3275 relativa
1083 3209 1296 3274 consecutiva
1319 3210 1369 3283 sit,
1395 3209 1483 3273 haud
1507 3210 1576 3272 scio
1602 3226 1644 3271 an
1668 3206 1812 3271 futurum
1836 3205 1977 3288 periphr.

168 3314 331 3395 objective
363 3315 487 3398 aliquid
520 3335 593 3381 esse
626 3315 769 3381 futurum
802 3318 959 3393 enuntiet,
993 3323 1091 3400 atque
1125 3336 1190 3380 non
1216 3324 1282 3380 tam
1306 3316 1477 3393 indicetur,
1503 3316 1609 3399 qualis
1634 3333 1692 3397 per
1715 3333 1750 3378 se
1776 3314 1819 3377 sit
1841 3312 1979 3376 scientia

164 3421 248 3502 juris
272 3421 386 3498 civilis,
412 3423 470 3487 sed
496 3423 601 3507 qualis
626 3422 708 3488 haec
732 3424 871 3489 scientia
894 3443 914 3488 a
938 3423 1007 3490 Ser.
1034 3423 1181 3507 Sulpicio
1204 3429 1343 3488 tractata
1368 3423 1476 3488 lutura
1499 3424 1550 3487 sit.

329 3584 362 3663 4)
385 3582 478 3665 Conj.
504 3602 609 3665 praes.
636 3583 692 3649 fut.
718 3584 859 3667 periphr.
886 3603 977 3649 mera
1000 3584 1099 3649 futuri
1123 3585 1280 3666 temporis
1304 3585 1335 3648 vi
1359 3584 1537 3666 praeditus.

328 3689 445 3755 Adbuc
478 3693 599 3756 versati
631 3711 746 3756 sumus
779 3693 811 3755 in
844 3693 884 3756 iis
917 3692 1076 3774 exemplis
1108 3692 1309 3774 conjunctivi
1343 3692 1525 3773 praesentis
1558 3690 1614 3754 lut.
1640 3689 1793 3771 periphr.,
1828 3704 1912 3770 quae
1936 3687 1978 3750 ad

169 3796 381 3860 indicativum
414 3800 598 3879 praesentis
630 3799 777 3863 eiusdem
813 3800 1055 3882 conjugationis
1088 3799 1335 3881 responderent.
1383 3799 1474 3878 Quae
1504 3816 1591 3861 nunc
1619 3798 1793 3861 alleremus
1817 3794 1976 3876 exempla,

169 3903 209 3966 de
242 3904 281 3966 iis
314 3923 413 3986 saepe
447 3905 578 3970 difficile
611 3914 660 3971 est
694 3907 884 3989 dijudicare,
918 3914 1027 3971 utrum
1060 3907 1100 3971 ad
1137 3908 1323 3989 praesentia
1355 3906 1523 3970 indicativi
1547 3905 1677 3987 conjug.
1703 3904 1843 3986 periphr.
1869 3921 1910 3966 an
1936 3902 1977 3965 ad

169 4009 276 4073 lutura
309 4011 472 4093 simplicia
504 4014 726 4094 respondeant
759 4033 798 4078 ea
830 4015 1016 4096 praesentia
1049 4015 1252 4096 conjunctivi
1285 4015 1414 4096 conjug.
1440 4012 1593 4095 periphr.,
1626 4012 1768 4094 quaein
1793 4010 1976 4073 iisinsunt.

168 4117 290 4182 Verum
315 4124 424 4183 tamen
449 4120 607 4184 nonnulla
631 4138 680 4184 ex.
706 4122 867 4186 eiusmodi
891 4128 976 4199 sunt,
1011 4122 1051 4185 de
1076 4122 1195 4205 quibus
1219 4127 1392 4203 procerte
1417 4127 1560 4185 statuere
1584 4119 1689 4194 liceat,
1714 4118 1756 4182 ad
1780 4136 1885 4199 praes.
1911 4117 1977 4180 ind.

168 4226 297 4307 conjug.
312 4226 464 4307 periphr.,
484 4246 549 4291 non
566 4227 608 4291 ad
624 4227 733 4293 lutura
750 4229 912 4311 simplicia
927 4229 1127 4311 respondere
1143 4248 1256 4293 eorum
1274 4229 1460 4310 praesentia
1476 4227 1676 4308 conjunctivi
1692 4225 1820 4307 conjug.
1836 4224 1976 4306 periphr.

168 4331 252 4397 Sunt
275 4352 315 4398 ea
339 4334 498 4416 exempla,
524 4335 558 4398 in
583 4335 702 4418 quibus
726 4336 907 4401 sententiae
931 4336 1101 4401 relativae:
1127 4353 1212 4418 quae
1238 4335 1345 4400 lutura
1369 4336 1442 4410 sint,
1469 4353 1553 4418 quae
1578 4340 1735 4398 eventura
1752 4332 1870 4396 sintde
1889 4327 1978 4397 ocris

156 4438 296 4524 suturis
319 4442 446 4522 positae
470 4446 584 4520 sunt.¹)

329 4547 485 4630 Exempla
508 4555 599 4613 sunt:
1036 4634 1039 4639 1

328 4654 396 4718 l‘at.
430 4654 534 4741 §202
568 4675 630 4721 nec
654 4656 686 4733 ii,
721 4658 777 4739 qui
811 4656 924 4720 dicunt
955 4656 1172 4720 immutabilia
1200 4675 1273 4721 esse
1298 4653 1531 4744 quaesuturo
1554 4653 1624 4719 sint
1646 4673 1706 4719 nec
1731 4674 1830 4737 posse
1856 4670 1978 4718 oerum

157 4755 327 4843 saturum
352 4768 544 4828 convertere
568 4762 754 4840 insalsum,
781 4763 836 4827 lati
861 4764 1090 4828 necessitatem
1115 4764 1321 4842 confirmant,
1346 4765 1404 4829 sed
1428 4763 1603 4827 verborum
1627 4763 1692 4826 vim
1714 4765 1976 4845 interpretantur.

328 4868 396 4933 Fat.
420 4868 443 4955 ξ
466 4869 523 4934 32;
549 4870 686 4934 multum
712 4871 798 4936 enim
823 4870 929 4934 differt
952 4877 1059 4935 utrum
1081 4889 1183 4935 causa
1200 4872 1357 4936 naturalis
1374 4889 1414 4935 ex
1432 4871 1623 4935 aeternitate
1641 4869 1748 4935 lutura
1764 4889 1841 4934 vera
1859 4867 1979 4933 eliciat

169 4991 210 5035 an
235 4973 332 5036 etiam
356 4977 427 5039 sine
451 4977 643 5041 aeternitate
668 4977 816 5053 naturali,
830 4973 965 5064 sutura
989 4994 1074 5060 quae
1098 4976 1174 5054 sint,
1200 4997 1240 5042 ea
1263 4997 1340 5043 vera
1363 4996 1437 5043 esse
1462 4980 1589 5060 possint
1613 4976 1757 5060 intelligi.

328 5081 397 5145 Fat.
420 5082 443 5169 ξ
469 5084 523 5148 13;
549 5091 594 5161 tu,
619 5092 650 5149 et
675 5103 759 5167 quae
783 5102 852 5148 non
876 5081 946 5147 sint
964 5080 1098 5164 futura,
1124 5103 1221 5167 posse
1246 5085 1315 5150 fieri
1339 5085 1432 5150 dicis

329 5313 351 5378 ¹)
371 5313 424 5370 cfr.
445 5314 529 5382 prael.
