4274 5790
378 443 411 522 d)
436 441 562 523 lmperl.
589 443 676 524 conj.
703 442 758 507 lut.
785 445 926 526 periphr.
952 442 1120 528 objectiva
1147 446 1243 511 futuri
1268 447 1424 529 temporis
1449 448 1686 529 significatione
1711 449 1904 530 praeditum.

379 548 448 612 Div.
475 547 546 633 115
574 550 628 612 19;
655 549 788 614 dicebas
813 553 934 628 omnia,
960 571 1044 634 quaa
1068 550 1372 639 sierentsatarooo
1397 558 1517 631 333331,
1543 555 1609 619 lato
1634 557 1806 620 contineri.

378 653 547 720 Sententia
571 656 707 720 relativa
731 659 949 722 universalem
974 661 1038 723 vim
1064 659 1178 736 habet;
1204 660 1328 742 imperf.
1353 662 1438 743 conj.
1465 662 1605 743 positum
1631 669 1680 725 331
1696 669 1830 743 propter
1847 662 1935 744 leges
1951 682 2028 727 con-

217 764 396 828 secutionis
429 770 612 844 temporum
648 764 680 826 in
714 766 994 830 enuntiationibus
1026 767 1230 831 secundariis
1263 770 1474 851 conjunctivo
1499 768 1597 832 modo
1622 767 1797 833 utentibus.
1845 769 2027 833 ludicativo

217 871 315 934 modo
340 872 367 933 si
392 877 537 934 uteretur
560 871 723 934 sententia
746 871 891 947 relativa,
918 873 980 936 boc
1005 874 1104 937 modo
1129 874 1378 955 exprimeretur:
1405 893 1489 957 quae
1514 874 1595 938 fiunt
1619 875 1766 939 luturave
1791 883 1876 940 sunt.

376 976 589 1040 Praeteritum
615 996 673 1057 pro
699 980 863 1058 praesenti
887 981 985 1042 etiam
1011 979 1114 1043 tribus
1139 980 1211 1044 aliis
1236 980 1318 1045 locis
1342 982 1471 1063 legitur:

376 1085 439 1148 Att.
466 1084 516 1158 Vl,
543 1084 573 1159 8,
598 1085 633 1146 b:
667 1082 724 1148 Sat
748 1086 858 1160 multa,
885 1089 939 1169 qui
964 1093 996 1151 et
1019 1106 1230 1169 properarem
1254 1095 1287 1151 et
1310 1089 1339 1152 ei
1363 1088 1486 1152 litteras
1511 1088 1633 1164 darem,
1659 1088 1714 1171 qui
1738 1097 1794 1153 aut
1818 1109 1946 1154 mecum
1971 1098 2029 1154 aut

216 1193 327 1276 paullo
353 1200 428 1256 ante
454 1195 619 1256 ocrzturas
644 1196 740 1255 33331.

376 1299 466 1379 Quae
492 1298 682 1380 imperfecta
706 1301 737 1363 in
764 1301 826 1363 hoc
851 1301 1003 1383 exemplo
1028 1303 1247 1379 inveniuntur,
1273 1321 1313 1366 ea
1336 1302 1500 1383 duplicem
1525 1302 1699 1367 admittunt
1722 1304 1907 1385 explicandi
1932 1305 2027 1368 ratio-

216 1429 301 1473 nem.
348 1407 413 1471 Aut
436 1407 524 1470 enim
549 1407 590 1470 ad
615 1407 728 1471 verba:
754 1410 810 1471 331
835 1405 947 1472 ribalta
971 1408 1151 1490 perlectum
1176 1427 1348 1490 praesens:
1373 1407 1500 1492 scripsi
1521 1410 1634 1474 audire
1659 1411 1735 1475 licet
1759 1418 1815 1474 aut
1838 1411 2025 1493 plusquam-

216 1516 294 1599 perf.
328 1513 549 1598 scripseram.
598 1513 681 1578 Pers.
716 1534 820 1596 praes
856 1515 981 1596 impert.
1016 1515 1067 1580 vel
1104 1515 1359 1598 plusquamperl.
1385 1516 1586 1597 conjunctivi
1611 1536 1858 1599 saepenumero,
1885 1519 2026 1582 maxime

215 1623 302 1707 apud
327 1622 519 1688 Ciceronem
544 1622 647 1703 sequi,
673 1623 752 1685 satis
777 1630 889 1686 notum
916 1628 974 1687 331.
1022 1621 1145 1686 Contra
1168 1623 1195 1686 si
1219 1620 1430 1706 scripseram
1446 1622 1606 1703 audiatur,
1624 1625 1676 1688 hic
1694 1624 1853 1689 habemus
1871 1645 1920 1689 er.
1939 1625 2026 1689 illius

215 1731 340 1813 imperf.
367 1749 426 1811 pro
451 1730 624 1811 praesenti,
651 1729 739 1811 quod
764 1730 922 1794 orationis
947 1730 1132 1810 epistolaris
1156 1731 1323 1811 proprium
1348 1737 1406 1793 est.

375 1836 465 1901 Alter
497 1836 590 1900 locus
623 1837 650 1899 is
684 1843 741 1911 est,
777 1837 809 1900 in
843 1856 909 1918 quo
934 1837 1144 1917 praeteritum
1168 1855 1227 1918 pro
1253 1837 1416 1918 praesenti
1440 1838 1581 1919 positum
1607 1839 1648 1901 sit
1671 1846 1703 1902 et
1726 1839 1907 1904 secundum
1933 1839 2025 1902 illum

215 1946 427 2029 epistolarum
452 1945 619 2026 proprium
645 1950 829 2024 temporum
854 1963 949 2007 usum
974 1951 1004 2007 et
1030 1949 1163 2025 propter
1186 1943 1274 2024 leges
1298 1944 1543 2008 consecutionis
1568 1951 1761 2026 temporum.
1810 1945 1865 2009 Est

375 2052 464 2115 Fam.
490 2050 542 2126 Vl,
568 2051 620 2125 21,
649 2051 675 2112 1:
702 2051 847 2132 quotidie
872 2049 1172 2114 commemorabam
1198 2048 1252 2135 (=
1277 2055 1513 2129 commemoro)
1528 2051 1618 2114 solos
1636 2072 1696 2116 nos
1713 2053 1844 2128 vidisse,
1863 2060 2024 2135 quantum

216 2168 302 2225 33331
327 2161 359 2223 in
383 2178 423 2223 eo
448 2157 534 2221 bello
560 2157 646 2232 mali,
672 2158 705 2220 in
730 2176 796 2240 quo
820 2177 879 2239 spe
903 2159 994 2239 pacis
1019 2157 1154 2221 exclusa
1178 2160 1250 2239 ipsa
1275 2153 1558 2242 victoriasataro
1582 2165 1672 2222 cssct
1693 2158 1915 2223 acerbissima.

373 2266 518 2330 Tertium
542 2283 591 2328 ex.
617 2265 703 2346 conj.
729 2264 854 2345 impert.
881 2264 937 2328 lut.
963 2265 1103 2347 periphr.
1131 2263 1309 2345 perlectum
1335 2282 1440 2345 praes.
1467 2266 1648 2329 sententiae
1665 2266 1838 2347 primariae
1855 2266 2024 2348 sequentis

214 2376 330 2457 legitur

375 2480 437 2544 Att.
475 2478 556 2554 XVI,
594 2478 633 2542 16
658 2478 684 2541 Α
709 2478 744 2541 6:
770 2479 849 2542 mihi
874 2480 1008 2560 sumpsi,
1044 2485 1078 2542 ut
1103 2478 1135 2542 id
1159 2497 1179 2541 a
1203 2486 1233 2542 te
1258 2486 1412 2559 peterem,
1447 2478 1535 2560 quod
1560 2486 1614 2544 tua
1638 2479 1812 2561 singularis
1836 2480 2023 2544 humanitas

215 2590 467 2671 suavissimique
491 2605 600 2651 mores
624 2604 644 2649 a
668 2592 698 2649 te
724 2589 840 2649 essent
861 2582 1090 2669 impetraturi.

374 2694 500 2776 Imperi.
527 2693 612 2774 conj.
638 2692 777 2774 simplex
802 2700 834 2755 et
858 2692 982 2774 imperf.
1009 2694 1094 2775 conj.
1121 2692 1177 2756 lut.
1203 2693 1344 2774 periphr.
1370 2694 1454 2757 inter
1477 2712 1512 2757 se
1537 2693 1690 2775 copulata
1714 2701 1791 2757 sunt

374 2803 463 2866 Fam.
489 2802 527 2877 X,
553 2802 583 2876 Ξ),
609 2801 645 2863 2:
672 2800 850 2864 declaratio
875 2801 975 2863 animi
1000 2801 1055 2875 tui,
1081 2819 1178 2882 quem
1205 2800 1343 2863 haberes
1368 2799 1408 2863 de
1432 2818 1466 2863 re
1491 2799 1623 2881 publica
1647 2819 1812 2883 quemque
1838 2796 2023 2864 debiturus

213 2930 315 2987 33333,
342 2911 419 2974 mihi
444 2916 513 2973 erat
532 2907 783 2990 J'ucundissima.

373 3018 498 3098 Hoppe,
534 3015 591 3079 der
624 3013 821 3095 Conjunctiv
855 3020 916 3077 etc.
951 3032 1022 3094 pag.
1056 3014 1087 3088 t,
1124 3013 1244 3094 accipit
1277 3013 1488 3076 sententiam:
1525 3033 1696 3097 quana-
1721 3009 2022 3078 trabituruscssos

212 3126 438 3208 quaestionem
472 3123 675 3196 indirectam,
706 3122 800 3184 cuius
824 3119 1000 3202 objectum,
1027 3119 1115 3201 quod
1139 3126 1268 3195 vocant,
1294 3139 1352 3201 per
1375 3120 1542 3202 prolepsin
1566 3121 1599 3183 in
1623 3121 1785 3184 sententia
1809 3122 1963 3201 primaria
1986 3128 2022 3183 31

211 3233 372 3313 genitivus
396 3231 579 3311 objectivus
604 3229 745 3309 positum
771 3230 820 3291 sit.
870 3228 964 3313 Quod
989 3227 1076 3290 haud
1101 3227 1171 3290 scio
1196 3245 1237 3290 an
1262 3227 1428 3291 refellatur
1452 3228 1491 3290 iis
1515 3226 1632 3301 verbis,
1658 3247 1743 3310 quae
1768 3229 1915 3309 proxime
1934 3234 2021 3290 ante-

211 3340 346 3403 cedunt:
382 3339 491 3420 itaque
525 3335 794 3400 commemoratio
831 3341 887 3397 tua
916 3341 1071 3415 paternae
1097 3334 1349 3398 necessitudinis
1374 3334 1689 3415 benevolentiaeque
1713 3332 1794 3409 cras,
1822 3353 1919 3417 quam
1945 3353 2019 3414 erga

211 3465 306 3510 mea
331 3447 468 3527 pueritia
492 3444 698 3518 contulisses
724 3442 949 3506 incredibilem
975 3443 1053 3505 mibi
1079 3443 1234 3507 laetitiam
1259 3441 1422 3506 attulerat.

371 3552 588 3634 Conjunctivo
613 3550 712 3614 modo
737 3550 836 3613 utitur
859 3557 940 3613 sent.
966 3549 1102 3614 relativa
1125 3550 1166 3613 ad
1191 3550 1373 3613 orationem
1398 3547 1566 3630 obliquam
1590 3546 1820 3611 denotandam.

371 3659 510 3742 Oblique
535 3659 653 3723 dicitur
675 3656 717 3732 id,
743 3657 831 3738 quod
856 3658 1003 3720 continet
1026 3664 1107 3720 sent.
1133 3657 1278 3732 relativa,
1303 3656 1400 3719 etiam

370 3767 433 3831 lltt.
460 3768 512 3843 tlt,
539 3769 557 3831 7
583 3765 644 3829 132
668 3762 829 3849 (Balbuslz
856 3764 935 3826 mihi
958 3765 1124 3828 concessit
1147 3762 1304 3844 (Caesar),
1331 3780 1371 3825 ne
1397 3761 1428 3824 in
1454 3761 1493 3824 iis
1517 3762 1633 3825 castris
1657 3779 1774 3835 essem,
1800 3779 1885 3842 quae
1904 3768 2019 3825 contra

211 3876 382 3939 Lentulum
408 3881 464 3938 aut
488 3873 680 3954 Pompeium
703 3868 828 3950 saturn
853 3874 973 3935 csscnt.

370 3981 416 4045 Ex
450 3983 498 4057 iis,
534 3999 619 4063 quae
653 3980 800 4061 proxime
830 3980 1037 4053 antecedunt,
1064 3978 1249 4059 perspicere
1275 3977 1391 4057 possis,
1417 3975 1687 4056 significationem
1713 3975 1901 4039 verborum:
1927 3994 2020 4060 qaae

197 4087 332 4177 futuro
366 4093 480 4152 essent
511 4106 577 4151 non
611 4105 684 4150 esse
717 4104 799 4160 eam,
828 4104 892 4168 qua
918 4104 975 4166 pro
1000 4093 1090 4149 certo
1114 4084 1294 4148 affirmetur
1316 4091 1424 4147 castra
1448 4089 1562 4146 contra
1586 4081 1777 4162 Pompeium
1803 4100 1876 4146 esse
1900 4080 2017 4146 lutura.

209 4197 293 4260 Dicit
326 4197 413 4260 enim
447 4195 579 4270 Balbus,
614 4194 710 4256 liuius
744 4192 902 4274 epistolae
935 4193 1083 4273 scriptor,
1119 4193 1152 4254 in
1176 4191 1381 4273 paragrapho
1406 4189 1432 4253 l:
1466 4188 1507 4252 ab
1532 4187 1673 4252 Caesare
1698 4189 1869 4270 epistolam
1894 4190 2016 4271 accepi,

208 4304 302 4367 cuius
326 4302 512 4384 exemplum
538 4301 594 4364 tibi
620 4301 701 4374 misi,
728 4318 766 4363 33
792 4300 810 4382 †
834 4300 952 4382 quibus
978 4303 1056 4379 (333
1082 4298 1148 4383 tu‘l)
1173 4299 1358 4379 perspicere
1383 4297 1504 4378 poteris
1536 4315 1646 4380 qaam
1673 4293 1790 4378 capiat
1805 4297 2015 4360 concordiam

143 4485 144 4489 ¹
208 4429 301 4474 suam
336 4416 366 4473 et
401 4409 548 4490 Pompeii
581 4407 804 4472 reconciliare.
863 4406 953 4485 Quae
987 4425 1087 4488 quum
1120 4406 1165 4469 ita
1197 4406 1270 4479 sint,
1296 4404 1328 4466 in
1354 4399 1565 4486 conjunctior?
1588 4393 1695 4466 torma
1717 4403 1928 4483 potentialem
1953 4403 2016 4466 vim

207 4519 315 4582 inesse
340 4517 448 4581 credo.

367 4624 508 4705 Reliqua
532 4641 592 4698 33,
618 4622 650 4685 in
676 4619 794 4703 quibus
819 4618 907 4701 impl.
934 4619 1018 4700 conj.
1045 4619 1100 4682 lut.
1126 4618 1267 4700 periphr.
1294 4615 1489 4698 objectivam
1516 4615 1613 4679 lutari
1638 4617 1794 4697 temporis
1819 4618 1882 4679 vim
1908 4617 2015 4691 babet,

207 4734 288 4796 baec
312 4739 401 4795 sunt:

365 4838 433 4901 Fat.
470 4834 573 4920 518:
610 4833 664 4899 Sic
699 4835 725 4897 si
751 4835 913 4897 diceretur
941 4832 1114 4896 »Morietur
1138 4838 1232 4906 etc»,
1258 4850 1334 4896 vere
1358 4832 1529 4896 diceretur.
1579 4829 1611 4893 ld
1637 4831 1723 4893 enim
1749 4828 1818 4893 lore
1843 4830 2014 4904 diceretur,

206 4946 295 5029 quod
321 4940 610 5030 cssctsutararn:
635 4941 778 5005 sutorum
803 4947 911 5003 autem
938 4940 1037 5004 fuisse
1062 4957 1101 5002 ex
1127 4957 1176 5014 e0,
1203 4940 1279 5020 quia
1304 4937 1425 5002 tactum
1450 4945 1508 5012 est,
1534 4937 1669 5016 intelligi
1693 4936 1798 5000 debet.

365 5051 428 5114 lltt.
455 5049 523 5125 XV,
553 5050 601 5123 11,
631 5050 657 5111 1:
684 5046 832 5111 dicebam
858 5066 906 5122 ea,
933 5066 1017 5130 quae
1041 5047 1099 5109 tibi
1124 5045 1270 5127 prolecto
1296 5046 1327 5109 in
1353 5051 1495 5108 mentem
1519 5045 1663 5119 veniunt,
1682 5063 1741 5106 cur
1759 5063 1825 5107 333
1843 5048 1931 5107 essct
1947 5051 2015 5107 tuto

194 5156 357 5246 solveras.

365 5264 467 5328 Paulo
492 5282 603 5344 supra:
631 5268 699 5325 tuto
725 5281 790 5324 non
817 5260 893 5324 cris.
