4320 5796
1933 269 1975 332 29

210 448 355 525 dissolvi,
389 455 424 513 ut
456 455 608 531 putemus
642 449 671 512 h.
697 448 717 512 l.
752 449 1041 531 interrogationem
1067 448 1234 531 obliquam
1259 451 1289 511 ei
1314 448 1414 513 verbo
1438 450 1558 531 regenti
1584 449 1750 523 inservire,
1776 449 1864 531 quod
1889 451 2019 531 proprie

209 560 337 638 spectat
360 555 402 620 ad
425 574 504 631 rem,
529 557 564 619 in
588 574 654 638 qua
677 561 829 620 versatur
852 556 1002 638 scriptor,
1027 557 1048 620 i.
1074 574 1101 620 e.
1127 554 1283 620 scribere.

369 662 443 727 Alio
467 662 566 727 modo
590 681 642 727 res
666 681 702 727 se
726 662 834 740 habet,
853 664 881 727 si
905 662 1117 744 potentialem
1140 663 1206 725 vim
1230 667 1412 727 statuamus
1437 664 1467 727 b.
1492 663 1512 728 l.
1530 664 1654 730 formae
1674 664 1930 747 periphrasticos
1947 681 2019 728 esse

208 769 425 834 tribuendam.
472 771 554 835 Tum
579 776 654 852 post
676 769 823 847 verbum,
858 770 946 853 quod
971 775 1021 834 est
1044 764 1205 848 scribere,
1230 768 1332 832 oritur
1354 788 1444 834 mera
1469 771 1879 854 hypothetico-potentialis
1904 770 2020 854 signill-

207 877 305 954 catio,
330 883 405 960 post
428 877 564 943 verbum
589 874 769 961 cogitandi
791 883 900 942 autem
924 876 1111 960 potentialis
1135 894 1210 939 cum
1235 876 1426 957 imperativa
1450 879 1627 961 conjuncta
1651 881 1748 961 vis1).

368 984 512 1068 Utraque
545 985 606 1049 bac
639 984 876 1067 significatione
909 984 1075 1067 praeditus
1108 983 1194 1065 conj.
1227 1000 1333 1064 praes.
1367 983 1424 1049 lut.
1457 987 1598 1068 periphr.
1629 1006 1724 1051 suum
1749 986 1858 1051 locum
1885 985 2019 1062 obtinet,

208 1097 247 1157 ut
269 1098 360 1157 ortus
382 1110 424 1156 ex
446 1092 533 1174 conj.
559 1109 666 1175 praes.
692 1093 853 1173 simplicis
878 1111 924 1157 or.
950 1097 1070 1156 rectae.

368 1200 539 1264 Postremo
564 1205 613 1264 est
637 1199 873 1276 adnotandum,
898 1199 979 1263 illud
1002 1195 1035 1262 si
1056 1194 1231 1278 occiderit,
1258 1201 1295 1264 ut
1317 1195 1456 1281 lcpcrcr
1478 1200 1629 1265 codicum
1654 1207 1686 1265 et
1709 1201 1862 1266 editionis
1885 1201 2019 1266 Wesen-

204 1304 383 1388 bergiauae
407 1324 483 1371 cum
506 1306 637 1371 Baitero
662 1312 695 1370 et
717 1307 836 1372 Bootio
860 1307 1048 1372 necessario
1073 1322 1146 1370 esse
1165 1307 1357 1370 mutandum
1373 1307 1421 1370 in:
1447 1303 1479 1371 si
1493 1302 1667 1382 occiderit,
1687 1312 1724 1373 ut
1740 1303 1847 1391 leger,
1864 1309 2019 1391 quoniam

211 1413 406 1478 »acciderita
434 1413 520 1496 conj.
545 1413 602 1478 lut.
627 1432 678 1479 ex.
704 1420 762 1478 est.

368 1579 619 1670 Imperfectum
635 1584 721 1666 conj.
741 1583 796 1647 lut.
813 1583 954 1666 periphr.
973 1584 1006 1647 in
1023 1583 1216 1666 quaestione
1233 1582 1392 1647 indirecta
1407 1583 1568 1664 apodosin
1584 1585 1828 1668 hypotheticam
1847 1583 2017 1650 alliciente.

369 1753 440 1819 Hoc
464 1759 593 1836 tempus
616 1754 651 1817 in
674 1754 822 1836 apodosi,
848 1771 932 1836 quae
957 1753 1107 1837 quaestio
1132 1752 1292 1817 indirecta
1314 1758 1372 1825 est,
1397 1756 1443 1817 ita
1466 1753 1648 1832 adhibetur,
1666 1761 1701 1819 ut
1717 1755 1750 1818 in
1768 1755 1915 1820 oratione
1931 1761 2021 1820 recta

208 1860 407 1944 respondeat
438 1866 495 1926 aut
528 1858 558 1946 1)
591 1861 769 1927 indicativo
803 1860 902 1926 futuri
935 1861 1093 1943 simplicis
1126 1861 1178 1925 vel
1211 1860 1393 1943 praesentis
1421 1858 1478 1924 lut.
1502 1862 1643 1944 periphr.
1673 1867 1731 1926 aut
1753 1862 1786 1944 2)
1809 1863 2020 1945 conjunctivo

210 1969 391 2052 praesentis
414 1969 572 2052 simplicis
596 1976 652 2034 aut
676 1969 818 2052 denique
842 1968 875 2051 3)
899 1968 1076 2033 indicativo
1101 1966 1283 2050 imperfecti
1307 1966 1363 2032 lut.
1388 1968 1530 2051 periphr.

371 2138 401 2226 1)
426 2138 519 2222 Conj.
552 2138 642 2221 impf.
676 2138 732 2204 lut.
767 2139 908 2221 periphr.
943 2139 1121 2203 indicativo
1145 2136 1243 2202 futuri
1266 2138 1424 2220 simplicis
1447 2141 1500 2202 vel
1523 2139 1704 2220 praesentis
1740 2138 1796 2203 lut.
1821 2140 1962 2222 periphr.
1987 2141 2021 2204 in

212 2247 358 2313 oratioue
381 2266 449 2312 non
472 2247 629 2329 pendenti
654 2247 842 2329 respondet.

370 2398 515 2465 Protasis
548 2406 617 2464 tum
650 2400 796 2464 continet
829 2399 1049 2481 sumptionem
1083 2399 1130 2463 rei
1162 2417 1260 2463 verae
1292 2406 1325 2463 et
1357 2403 1475 2474 certae,
1509 2404 1608 2481 atque
1632 2399 1786 2481 periodus
1811 2397 2021 2482 hypothetica

207 2505 346 2583 exsistit,
372 2526 471 2590 quam
495 2506 664 2572 brevitatis
688 2525 789 2571 causa
812 2525 916 2588 genus
939 2506 1154 2571 indicativum
1177 2505 1228 2571 vel
1253 2504 1452 2587 objectivum
1476 2506 1689 2587 appellamus.

371 2612 420 2678 hd
445 2614 508 2679 hoc
533 2633 636 2696 genus
660 2614 869 2697 periodorum
894 2614 1180 2696 hypotheticarum
1204 2614 1287 2679 haec
1310 2613 1475 2696 pertinent
1498 2612 1663 2695 exempla:

371 2720 418 2786 De
442 2719 579 2788 Oratore
603 2721 629 2785 ll
652 2719 675 2807 ξ
700 2720 783 2786 259;
809 2726 922 2785 estex
946 2721 1010 2785 boc
1032 2740 1152 2804 genere
1177 2719 1233 2808 (sc.
1259 2720 1389 2785 ridiculi
1412 2721 1505 2784 inre
1529 2722 1626 2802 positi
1652 2721 1693 2785 ad
1718 2720 1863 2799 verbum,
1889 2741 1955 2785 non
1980 2723 2021 2786 ad

209 2827 407 2893 seutentiam
430 2827 578 2915 accepta)
603 2828 693 2905 illud,
719 2828 808 2912 quod
831 2834 875 2904 tu,
902 2826 1029 2905 Crasse,
1055 2847 1160 2911 nuper
1183 2829 1222 2903 ei,
1248 2829 1304 2911 qui
1328 2834 1359 2892 te
1377 2833 1533 2910 rogasset,
1568 2846 1645 2891 num
1670 2827 1727 2891 tibi
1752 2828 1910 2893 molestus
1935 2832 2024 2893 esset

208 2931 361 3016 futurus,
385 2935 413 2999 si
437 2934 478 3000 ad
502 2941 533 3000 te
556 2934 640 3000 bene
664 2941 740 3000 ante
764 2935 871 3000 lucem
895 2936 1053 3001 venisset:
1078 2938 1114 3001 tu
1138 2953 1230 3012 uero,
1254 2935 1398 3018 inquisti,
1425 2929 1591 3000 molestus
1614 2955 1684 2999 aon
1708 2933 1786 3002 cria

371 3039 472 3107 Acad.
507 3042 609 3107 Prior.
634 3040 788 3128 11577:
823 3044 984 3126 quaesivit
1008 3043 1047 3108 de
1072 3043 1206 3107 Zenone
1230 3041 1378 3118 fortasse,
1404 3041 1482 3125 quid
1498 3038 1666 3128 saturum
1690 3045 1786 3118 esset,
1812 3044 1839 3107 si
1864 3062 1924 3108 nec
1949 3062 2020 3125 per-

212 3148 320 3232 cipere
343 3149 523 3232 quidquam
547 3156 660 3232 posset
683 3151 816 3232 sapiens
840 3168 901 3214 nec
926 3151 1053 3231 opinari
1077 3151 1234 3233 sapientis
1258 3156 1353 3214 esset.

372 3254 426 3322 Or.
459 3261 563 3321 recta:
601 3257 679 3340 quid
703 3256 847 3322 futurum
872 3263 930 3334 est,
956 3259 984 3322 si
1008 3262 1053 3340 (az
1088 3260 1257 3342 quoniam)
1280 3276 1342 3322 nec
1366 3257 1535 3339 percipere
1558 3257 1736 3340 quidquam
1760 3263 1868 3339 potest
1890 3258 2022 3340 sapiens

214 3381 273 3431 nec
297 3363 426 3447 opinari
449 3365 607 3446 sapientis
630 3365 702 3429 est?

373 3470 477 3536 Diriu.
501 3471 514 3535 l
538 3470 560 3557 ξ
584 3471 641 3536 30;
668 3473 761 3553 signo
785 3470 915 3553 objecto
940 3473 1065 3536 monuit
1091 3470 1256 3548 Crassum,
1282 3472 1360 3556 quid
1385 3474 1590 3538 euenturum
1615 3473 1712 3550 essct,
1737 3472 1799 3536 nisi
1823 3473 1975 3537 cavisset.

374 3577 479 3643 Divin.
504 3578 530 3642 ll
554 3576 577 3664 ξ
601 3578 658 3643 62:
693 3579 793 3642 miror
819 3614 858 3625 -
883 3597 942 3642 cur
965 3579 1101 3642 alteram
1125 3583 1231 3643 utram
1255 3577 1419 3666 (anguem)
1444 3579 1588 3644 emiserit
1611 3577 1692 3664 (Tib.
1718 3576 1912 3660 Gracchus);
1932 3580 2021 3644 nihil.

220 3684 301 3751 enim
322 3684 437 3750 scribit
460 3685 671 3767 respondisse
695 3686 897 3768 haruspices,
923 3685 950 3748 si
975 3691 1091 3750 neuter
1113 3686 1230 3766 anguis
1254 3687 1395 3752 emissus
1419 3693 1514 3762 esset,
1540 3685 1618 3767 quid
1643 3683 1922 3770 essctsuturum.

375 3791 464 3856 Fam.
499 3792 551 3869 lV,
587 3793 638 3867 14,
672 3793 707 3856 2:
741 3793 768 3856 si
802 3793 823 3855 ii
859 3793 1023 3867 vicissent,
1049 3791 1089 3856 ad
1115 3811 1198 3874 quos
1225 3830 1264 3841 —
1289 3812 1506 3871 accesseram,
1531 3800 1642 3858 tamen
1665 3792 1897 3874 intelligebam,
1923 3812 2020 3876 quam

218 3897 355 3965 crudelis
379 3901 469 3963 esset
487 3895 614 3980 futura
636 3899 788 3976 victoria;
822 3900 873 3963 sin
898 3905 1006 3963 autem
1032 3899 1107 3963 victi
1132 3905 1251 3976 essent,
1276 3906 1419 3983 quantus
1443 3901 1593 3966 interitus
1617 3903 1707 3965 esset
1717 3896 1872 3987 futurus
1897 3901 2018 3964 civium

374 4002 458 4070 Cum
482 4005 546 4069 hoc
570 4006 721 4088 exemplo
746 4004 982 4071 conserendum
1006 4012 1056 4069 est

372 4111 463 4176 Fam.
487 4111 539 4188 IV,
565 4112 595 4189 9,
620 4112 654 4177 3;
680 4131 722 4177 an
747 4119 781 4177 tu
806 4132 873 4178 non
895 4112 1031 4177 ridebas
1055 4131 1185 4178 mecum
1209 4114 1306 4179 simul
1332 4133 1430 4197 quam
1455 4114 1511 4179 illa
1534 4114 1677 4180 crudelis
1701 4117 1791 4179 esset
1815 4112 1936 4184 sutura
1959 4115 2023 4178 vic·

218 4218 317 4285 toria?
340 4215 408 4305 (illa
431 4219 570 4284 victoria
595 4249 637 4272 =
659 4221 797 4284 victoria
820 4217 1118 4305 Pompeianorum).
1167 4220 1311 4285 Protasis
1335 4222 1458 4286 omissa
1482 4222 1614 4306 quidem
1639 4230 1697 4297 est,
1722 4222 1780 4287 sed
1804 4222 1932 4286 videtur
1948 4240 2024 4304 quo·

216 4322 390 4392 dammodo
413 4345 606 4409 pronomen,
632 4327 720 4409 quod
745 4335 794 4391 est
818 4322 893 4408 illu,
918 4328 1080 4409 positione
1104 4346 1165 4391 sua
1180 4340 1261 4392 'eam
1285 4328 1482 4410 significare:
1509 4349 1541 4394 a:
1566 4331 1594 4394 si
1618 4329 1664 4393 illi
1687 4331 1852 4394 vicissent.

373 4433 462 4499 Fam.
489 4433 555 4510 Vll,
580 4434 610 4510 8,
639 4433 671 4498 1:
697 4435 749 4498 cui
774 4435 907 4517 quidem
931 4453 991 4515 ego
1014 4435 1178 4516 rescripsi,
1204 4454 1302 4518 quam
1327 4437 1405 4500 mihi
1429 4443 1556 4517 gratum
1580 4436 1861 4524 cssetjuturum,
1879 4439 2023 4520 siquam

209 4537 389 4616 plurimum
413 4541 501 4606 inte
525 4541 624 4605 studii
649 4541 852 4606 contulisset.
900 4542 990 4605 Fam.
1013 4541 1053 4621 X,
1078 4540 1131 4618 33,
1156 4542 1176 4605 2
1200 4541 1338 4628 (Pollio).

374 4709 406 4797 2)
440 4709 533 4793 Conj.
569 4710 658 4793 impl.
688 4711 744 4776 fut.
770 4712 911 4794 periphr.
937 4712 971 4775 in
996 4712 1157 4775 sententia
1181 4712 1412 4795 interrogativa
1435 4713 1569 4798 obliqua
1592 4715 1728 4798 positus
1754 4664 1841 4797 quae¹
1862 4714 2022 4796 apodosin

204 4816 313 4885 elficit
335 4819 533 4901 sumptionis
556 4820 603 4884 rei
627 4819 792 4901 possibilis
816 4819 903 4883 illius
927 4819 1059 4902 quidem
1083 4819 1142 4883 sed
1166 4820 1320 4884 incertae.

373 4958 424 5026 Ad
456 4962 519 5026 hoc
551 4980 654 5042 genus
678 4961 854 5043 potentiale
879 4962 1088 5043 periodorum
1113 4963 1396 5045 hypotheticarum
1420 4964 1484 5028 hoc
1508 4963 1695 5045 exemplum
1719 4962 1925 5029 referendum
1950 4983 2024 5030 esse

204 5067 356 5135 videtur:

210 5204 427 5223 “·ι----

376 5299 398 5368 ¹)
418 5299 472 5355 Clr.
492 5316 553 5369 pag.
572 5301 615 5353 27.
