4320 5796
1864 271 1906 334 53

300 449 390 514 lbdm
418 450 467 526 16,
493 448 528 514 C.
555 450 610 514 12:
635 468 689 515 res
712 450 900 514 huiusmodi
924 451 1159 525 videturesse,
1185 457 1220 514 ut
1243 451 1386 515 Plancus
1410 451 1480 532 ipse
1506 469 1568 531 pro
1585 450 1716 531 ingenio
1733 455 1765 514 et
1781 448 1954 530 prudentia

141 575 201 620 sua
225 575 292 620 non
316 554 361 620 sit
383 552 614 637 dubitaturus
639 558 718 640 quin
743 557 910 621 decretum
936 595 975 605 -
1002 564 1184 623 conservet.

300 681 360 761 Qu.
385 681 421 744 fr.
448 682 469 759 Ι,
497 683 525 759 1,
549 682 606 747 38;
633 684 789 767 quoniam
813 684 845 746 in
871 700 944 747 eam
968 683 1129 748 rationem
1153 683 1238 747 vitae
1262 701 1323 746 nos
1348 720 1390 728 -
1413 700 1466 747 res
1490 683 1562 764 ipsa
1590 720 1628 728 -
1652 681 1795 757 deduxit,
1821 687 1855 745 ut
1872 699 1953 745 sem-

141 787 288 869 piternus
311 807 421 853 sermo
446 789 487 854 de
511 789 608 854 nobis
620 786 775 876 suturas
798 787 851 854 sil.

300 913 389 977 Fam.
415 914 467 991 Vl,
492 915 522 991 4,
550 915 577 978 1:
603 915 667 979 hoe
690 921 837 996 tempore
862 916 906 979 ita
930 933 1068 996 magnae
1092 915 1254 998 utrimque
1279 916 1403 997 copiae,
1430 916 1474 979 ita
1491 920 1623 996 paratae
1641 913 1682 977 ad
1699 912 1952 995 depugnandum

141 1037 213 1085 esse
239 1020 401 1098 dicuntur,
427 1028 471 1098 ut,
497 1028 712 1104 utercumque
737 1023 860 1098 vicerit,
886 1040 952 1085 non
977 1018 1021 1085 sil
1044 1023 1161 1086 mirum
1182 1019 1355 1102 futurum.

300 1145 390 1210 Fam.
424 1146 475 1223 ΙΙΙ,
515 1147 542 1223 1,
568 1147 602 1210 2:
635 1146 741 1212 factus
764 1153 813 1211 est
837 1147 916 1211 mihi
941 1146 1118 1226 familiaris
1143 1148 1188 1211 ita
1211 1153 1331 1223 tamen,
1357 1152 1392 1210 ut
1416 1146 1583 1210 Phaneam
1608 1145 1702 1210 valde
1726 1143 1797 1209 sim
1821 1142 1953 1210 doside·

141 1263 294 1318 returns.

299 1359 391 1439 Quae
415 1360 631 1442 restringendi
655 1360 705 1424 vis
728 1360 911 1442 particulis:
938 1358 986 1425 ito
1009 1363 1136 1440 tanton,
1162 1360 1393 1425 attribuenda
1417 1365 1475 1435 est,
1501 1359 1616 1423 eadem
1644 1359 1742 1422 etiam
1760 1360 1904 1423 cernitur
1920 1360 1952 1423 in

299 1465 410 1548 Topic.
445 1466 467 1552 ξ
499 1467 555 1531 72;
591 1469 746 1550 quoniam
782 1467 864 1532 haec
897 1468 941 1531 ita
974 1467 1015 1531 ad
1048 1474 1079 1531 te
1111 1467 1308 1545 scribuntur,
1342 1473 1377 1531 ut
1401 1467 1497 1531 etiam
1522 1466 1555 1529 in
1579 1464 1718 1528 aliorum
1744 1482 1862 1528 manus
1886 1462 1955 1529 sint

143 1576 298 1639 uenturo.

305 1678 395 1744 »Sint
418 1686 575 1745 ventura»
602 1700 662 1763 pro
686 1681 771 1762 conj.
798 1680 854 1744 fut.
879 1681 985 1763 simpl.
1011 1681 1125 1747 haberi
1150 1687 1271 1764 potest;
1295 1686 1403 1764 potest
1425 1686 1535 1744 tamen
1553 1681 1651 1744 etiam
1669 1678 1807 1742 fortasse
1823 1677 1952 1741 consilii

138 1794 171 1852 et
194 1787 372 1851 voluntatis
396 1787 590 1869 significatio
615 1789 648 1852 in
676 1788 760 1851 »sint
783 1794 938 1853 ventura»
966 1789 1075 1852 inesse
1100 1808 1132 1852 o:
1158 1786 1267 1874 (haec)
1291 1789 1403 1853 venire
1427 1786 1539 1864 velim;
1565 1786 1728 1850 suethice:
1754 1788 1792 1849 air
1807 1785 1951 1860 iimnadt,

137 1894 303 1960 besttimdt
327 1900 373 1958 att
397 1895 539 1959 komma.

299 2017 459 2100 Ambigue
483 2020 591 2101 posita
615 2036 688 2083 esse
712 2019 841 2083 videtur
866 2017 970 2082 forma
993 2017 1232 2099 periplirastica
1256 2018 1353 2082 etiam

300 2123 359 2190 Oli.
392 2125 443 2203 ΙΙΙ,
476 2124 499 2211 ξ
532 2125 588 2190 85:
624 2125 719 2207 cujus
751 2131 861 2190 autem
886 2126 952 2189 vita
975 2125 1036 2206 ipsi
1060 2130 1168 2206 potest
1191 2125 1278 2189 utilis
1302 2144 1385 2201 esse,
1411 2145 1510 2208 quum
1536 2127 1606 2189 eius
1631 2125 1715 2189 vitae
1740 2142 1779 2187 ea
1802 2122 1954 2187 condicio

139 2233 188 2309 sit,
215 2238 250 2296 ut
274 2233 329 2315 qui
354 2232 443 2296 illam
467 2233 622 2314 eripuerit
646 2233 679 2296 in
704 2234 846 2297 maxima
870 2239 902 2297 et
924 2229 1193 2318 gratiasntnr’ns
1216 2229 1261 2296 sit
1283 2236 1315 2294 et
1338 2231 1464 2312 gloria?

304 2357 465 2421 »Futurus
488 2358 548 2421 sit»
575 2364 632 2422 aut
655 2357 817 2439 objective
842 2357 984 2438 positum
1008 2360 1065 2419 aut
1087 2355 1127 2419 de
1151 2373 1200 2431 eo,
1228 2356 1315 2438 quod
1333 2355 1475 2419 futurum
1493 2356 1555 2419 scit
1572 2354 1621 2419 vel
1638 2361 1674 2419 ut
1691 2354 1746 2418 fiat
1762 2361 1953 2436 exspectare

139 2470 248 2546 potest
271 2465 308 2541 is,
334 2464 375 2528 de
399 2464 494 2529 cuius
518 2465 584 2528 vita
608 2465 722 2546 agitur.

300 2586 471 2650 Postremo
496 2586 576 2650 mihi
600 2585 802 2650 afferendum
827 2592 877 2650 est

299 2691 358 2758 ou.
383 2692 405 2768 Ι,
428 2691 451 2778 ξ
478 2690 554 2756 159:
591 2698 668 2756 sunt
700 2693 787 2757 enim
822 2694 984 2775 quaedam
1016 2695 1134 2775 partim
1167 2695 1212 2758 ita
1244 2693 1348 2765 loeda.
1384 2694 1501 2776 partim
1525 2694 1570 2756 ita
1594 2694 1763 2775 flagitiosa,
1790 2700 1825 2758 ut
1849 2712 1888 2757 ea
1913 2711 1954 2757 ne

139 2799 386 2865 conservandae
411 2799 542 2881 quidem
566 2800 691 2881 patriae
714 2818 815 2864 causa
838 2801 971 2881 sapiens
982 2798 1156 2888 facturus
1180 2799 1241 2881 εῖτ,

299 2924 355 2989 ubi
379 2924 460 2988 illud
474 2920 647 3011 facturus
671 2922 716 2988 sit
738 2925 825 2989 haud
850 2927 920 2990 scio
944 2946 986 2990 an
1011 2928 1096 3008 conj.
1122 2926 1221 2991 futuri
1245 2927 1403 3009 simplicis
1427 2925 1672 3008 praescribendi
1696 2927 1727 2990 vi
1743 2925 1881 3008 praediti
1897 2926 1953 2989 sit:

140 3033 247 3098 facere
272 3032 398 3097 debeat.
446 3032 538 3112 Quae
563 3032 695 3114 quidem
719 3032 914 3113 significatio
939 3033 972 3096 in
995 3031 1104 3097 futuro
1129 3032 1268 3114 simplici
1290 3034 1491 3115 saepissime,
1509 3035 1543 3097 in
1561 3032 1738 3097 indicativo
1757 3034 1855 3098 luturi
1875 3033 1954 3114 peri·

140 3140 294 3222 phrastici
320 3158 501 3221 numquam
527 3140 620 3204 inest.
668 3137 775 3221 Atque
800 3139 961 3204 hocloco
989 3138 1154 3204 »facturus
1176 3140 1237 3203 sit»
1264 3139 1372 3205 futuro
1396 3141 1550 3222 simplici:
1584 3137 1694 3220 faciet
1713 3141 1769 3205 illa
1793 3140 1950 3221 signitica-

140 3246 227 3311 tione
260 3245 461 3327 respondere
485 3246 663 3309 ostendunt
687 3244 788 3309 verba
811 3245 876 3322 illa,
912 3264 996 3327 quae
1021 3246 1120 3328 paulo
1145 3245 1229 3310 inira
1253 3253 1448 3330 sequuntur:
1476 3249 1557 3312 haee
1582 3248 1679 3329 igitur
1702 3267 1768 3311 non
1793 3243 1954 3329 suscipiet

140 3353 185 3416 rei
218 3352 370 3434 publicae
394 3371 509 3428 eausa3
539 3370 657 3417 neres
681 3352 814 3434 publica
838 3353 969 3436 quidem
993 3373 1053 3435 pro
1077 3373 1113 3419 se
1137 3354 1260 3436 suscipi
1285 3351 1385 3420 nolet.
1435 3354 1499 3420 Sed
1525 3355 1587 3419 hoe
1612 3355 1818 3420 commodius
1842 3371 1877 3417 se
1903 3371 1955 3416 res

140 3459 246 3535 habet,
283 3461 371 3542 quod
402 3479 469 3525 non
499 3462 612 3544 potest
645 3456 805 3524 accidere
839 3465 984 3544 ternpus,
1017 3464 1057 3526 ut
1088 3459 1222 3526 intersit
1243 3464 1290 3526 rei
1315 3462 1466 3544 publicae
1491 3464 1667 3546 quicquam
1691 3461 1821 3526 illorum
1846 3460 1954 3525 lacere

140 3568 331 3649 sapientem.

542 3816 578 3880 ΙΙ.
630 3817 818 3881 Enuntiatio
842 3819 1055 3883 consecutiva
1077 3818 1234 3900 apodosis
1258 3826 1308 3884 est
1331 3820 1552 3903 hypothetica.

299 3961 358 4024 Hic
393 3979 525 4043 quoque
558 3960 654 4024 nobis
687 3961 830 4023 occurrit
862 3962 1089 4025 tantummodo
1119 3963 1351 4044 conjunctivus
1372 3961 1567 4045 praesentis
1592 3962 1647 4027 lut.
1674 3962 1815 4044 periphr.
1842 3961 1954 4025 Exem-

138 4067 276 4148 plorum,
301 4085 385 4149 quae
410 4067 474 4131 huc
499 4069 670 4148 pertinent,
696 4068 757 4130 tria
781 4067 822 4130 ad
846 4085 949 4148 genus
972 4067 1181 4149 objectivum,
1207 4068 1273 4133 duo
1298 4069 1339 4132 ad
1362 4087 1465 4150 genus
1483 4068 1660 4150 potentiale
1678 4068 1851 4132 referenda
1867 4075 1951 4133 sunt.

139 4174 272 4281 Sextum
291 4192 422 4257 quoque
439 4192 488 4238 ex.
508 4174 572 4238 hue
588 4174 737 4255 pertinet,
756 4172 844 4256 quod
862 4174 1029 4255 quomodo
1047 4174 1218 4255 explicem,
1237 4173 1398 4256 objective
1413 4193 1455 4238 an
1468 4176 1696 4256 potentialiter,
1712 4177 1857 4240 incertus
1870 4196 1953 4241 sum.

843 4385 973 4451 Genus
998 4387 1248 4469 obJectivum.

297 4512 419 4576 lnvent.
446 4511 481 4588 ΙΙ,
506 4512 529 4597 ξ
553 4513 605 4576 77:
639 4513 694 4594 qui
727 4512 820 4576 locus
848 4513 893 4575 ita
917 4513 1102 4577 communis
1126 4518 1184 4589 est,
1217 4520 1252 4578 ut
1276 4514 1359 4578 bene
1384 4520 1541 4579 tractatus
1565 4516 1598 4578 in
1623 4516 1684 4580 liae
1709 4534 1810 4580 causa
1836 4536 1953 4598 magno

137 4619 178 4682 ad
203 4618 469 4700 persuadendum
494 4625 661 4683 momento
673 4617 831 4706 siiturus
855 4617 907 4682 stt.

300 4726 389 4790 Bene
413 4733 571 4790 tractatus
600 4757 634 4783 =
661 4727 688 4788 si
713 4726 798 4790 bene
823 4733 980 4791 tractatus
1004 4727 1073 4790 erit.

297 4832 365 4895 Fut.
390 4831 412 4917 ξ
439 4834 493 4896 17:
528 4838 563 4896 ut
597 4834 630 4896 in
664 4850 713 4909 eo,
749 4835 803 4915 qui
837 4833 1005 4898 mortifero
1038 4834 1153 4898 morbo
1178 4840 1363 4916 urguentur,
1393 4853 1505 4899 verum
1535 4837 1577 4898 sit
1605 4834 1683 4900 »Hic
1707 4837 1866 4901 morietur
1890 4838 1954 4902 hoc

137 4939 286 5015 morbo»,
311 4946 344 5002 at
367 4939 431 5003 hoo
457 4940 551 5015 idem,
577 4942 605 5003 si
629 4959 705 5004 vere
730 4941 856 5003 dicatur
879 4941 912 5002 in
936 4958 986 5016 eo,
1011 4941 1044 5003 in
1069 4959 1135 5022 quo
1160 4942 1208 5005 vis
1226 4940 1330 5004 morbi
1348 4947 1437 5005 tanta
1456 4960 1522 5005 non
1538 4950 1704 5024 appareat,
1724 4944 1826 5008 nihilo
1843 4945 1952 5008 minus

124 5041 301 5131 futurum
325 5041 378 5109 stt.

296 5151 386 5214 Fam.
412 5151 493 5226 Xlll,
522 5153 571 5227 17,
595 5152 629 5216 3:
655 5152 803 5232 spondeo
828 5189 870 5198 —
894 5171 952 5217 eos
975 5173 1048 5218 esse
1072 5154 1122 5218 Μ’.
1148 5154 1237 5219 Curii
1262 5174 1428 5219 mores-
1447 5193 1498 5231 -‚
1523 5162 1559 5219 ut
1582 5174 1656 5220 eum
1681 5163 1713 5221 et
1736 5158 1879 5221 amicitia
1897 5163 1952 5221 tua

136 5263 257 5322 ettam
282 5264 441 5323 accurata
465 5259 762 5334 commendatione,
786 5260 814 5322 si
838 5259 896 5323 tibi
920 5261 961 5324 sit
984 5263 1144 5344 cognitus,
1170 5263 1302 5344 dignum
1326 5260 1374 5326 sis
1399 5259 1672 5328 caristimotnrns
