4274 5790
1899 278 1919 334 tv

313 443 413 507 lbdm.
450 444 500 514 12,
530 446 561 507 1:
596 450 708 508 noster
739 463 817 509 vero
850 446 884 508 iu
918 445 1028 508 Asiam
1055 446 1228 509 -statim
1262 452 1370 509 autem
1396 465 1432 510 se
1456 450 1586 524 iturum,
1621 447 1717 511 simul
1750 467 1788 511 uc
1813 447 1963 512 ludorum

153 556 347 630 apparatum
371 551 421 623 iis,
447 551 503 632 qui
527 549 686 616 curaturi
709 554 831 631 essent,
857 551 1052 616 tradidisset.

314 656 355 720 Ut
378 658 410 720 in
435 657 498 722 hoc
523 677 572 722 ex.
607 659 743 722 relativa
775 660 938 724 sententia
971 659 1151 723 enuntiatio
1186 660 1343 723 orationis
1368 659 1521 743 obliquae
1546 660 1742 724 secundaria
1765 667 1823 735 est,
1849 662 1896 724 sic
1921 662 1962 724 ad

153 763 335 826 orationem
361 762 530 846 obliquam
554 765 695 846 pertinet
718 765 809 829 relat.
834 772 916 830 sent.
942 767 1038 830 etium
1062 766 1113 829 bis
1138 764 1267 829 duobus
1292 765 1386 829 locis:

314 868 407 933 Catil.
434 869 550 955 1§7:
577 872 633 954 qui
658 872 728 936 dies
740 870 894 959 futurus
918 875 1006 936 esset
1029 890 1057 935 a.
1083 872 1113 936 d.
1140 871 1191 936 Vl.
1239 871 1309 936 Kal.
1334 873 1415 937 Nov.

314 976 402 1040 Fam.
429 976 509 1053 Vlll,
534 977 564 1054 8,
589 977 625 1042 5:
651 997 691 1042 ex
715 979 786 1043 Kal.
812 979 945 1052 Martiis,
971 998 1056 1062 quae
1081 980 1114 1042 in
1138 998 1199 1042 suo
1224 981 1413 1060 magistratu
1426 976 1581 1066 suturae
1605 985 1726 1044 essent.

314 1082 519 1148 Postremum
544 1085 677 1149 atleram
1070 1103 1071 1106 ’

313 1187 425 1253 Octav.
459 1188 482 1274 ξ
515 1191 550 1254 6;
587 1197 621 1254 at
653 1199 684 1256 to
716 1191 782 1257 sala
817 1193 941 1274 patriae
965 1192 1116 1257 Paridem
1142 1191 1286 1256 futurum
1311 1191 1554 1274 praedicebant,
1586 1194 1640 1274 qui
1667 1196 1825 1258 austures
1850 1193 1963 1257 urbem

153 1294 315 1370 incendio,
341 1303 491 1360 senatum
515 1298 548 1361 in
573 1299 689 1362 castris
713 1295 896 1364 habiturus
920 1318 1021 1364 esses.
1062 1287 1064 1291 Α

313 1401 372 1466 Hic
407 1402 495 1485 impl.
530 1404 616 1487 conj.
651 1406 789 1487 simplex
823 1413 854 1469 et
889 1405 977 1488 impl.
1002 1407 1088 1488 conj.
1114 1406 1170 1470 tut.
1197 1406 1338 1489 peripbr.
1364 1407 1478 1469 eadem
1505 1405 1571 1469 tere
1595 1408 1667 1470 vice
1691 1405 1779 1488 iungi
1803 1407 1963 1480 videntur,

152 1507 221 1570 sive
246 1509 354 1588 potius
378 1505 562 1575 habiturus
585 1529 677 1576 esses
701 1532 760 1594 pro
785 1508 934 1577 haberes
958 1514 1066 1576 minus
1090 1520 1178 1577 recte
1203 1514 1344 1595 positum
1369 1520 1427 1584 est.
1453 1533 1554 1596 quum
1578 1514 1741 1577 sententia
1765 1515 1899 1578 relativa
1923 1512 1965 1576 ad

81 1632 84 1637 ·
157 1614 338 1679 dotorum»
374 1617 477 1681 relata
507 1618 549 1682 ad
584 1620 669 1683 idem
704 1625 833 1702 tempus
867 1619 1009 1683 futurum
1044 1626 1143 1702 atque
1174 1620 1352 1684 infinitivus
1373 1618 1555 1706 suturam,
1586 1640 1652 1684 non
1677 1621 1812 1684 ulterius
1836 1627 1965 1702 tempus

153 1719 295 1785 futurum
321 1730 455 1805 spectet.

313 1863 517 1952 Perfectum
541 1869 627 1952 conj.
653 1866 709 1932 lut.
735 1868 876 1950 peripbr.
902 1869 935 1932 in
959 1868 1121 1932 sententia
1145 1868 1281 1932 relativa
1305 1868 1386 1932 nulli
1410 1867 1559 1950 subjecta
1583 1869 1779 1934 condicioni.

314 2007 384 2071 Div.
409 2009 421 2072 l
445 2007 468 2095 ξ
495 2009 571 2074 125;
597 2011 685 2093 quod
711 2030 812 2092 quum
837 2011 880 2074 ita
897 2011 947 2086 sit,
969 2011 1048 2074 nibil
1067 2018 1117 2074 est
1133 2010 1265 2086 iactum,
1280 2011 1367 2093 quod
1381 2030 1447 2075 non
1457 2007 1757 2097 suentensem-it,
1782 2012 1964 2093 eodemque

154 2113 252 2176 modo
277 2115 357 2178 nihil
382 2124 431 2180 est
456 2117 609 2194 futurum,
634 2119 729 2183 cuius
753 2136 820 2181 nou
844 2136 963 2181 causas
988 2118 1019 2181 id
1044 2118 1150 2198 ipsum
1176 2114 1356 2181 efficientes
1382 2124 1498 2181 natura
1522 2119 1698 2183 contineat.

312 2221 348 2285 lu
380 2223 444 2288 boc
477 2243 527 2288 ex.
552 2224 712 2306 signifieat
742 2223 902 2289 »tuturum
927 2224 1054 2300 tuerit»,
1080 2224 1113 2288 id
1137 2224 1225 2306 quod
1250 2244 1290 2288 ex
1313 2227 1475 2289 sermonis
1500 2227 1715 2308 perpetuitate
1739 2226 1848 2290 videre
1874 2225 1962 2289 lieet:

153 2324 253 2389 tatum
279 2328 375 2393 tuerit
399 2330 477 2396 tieri.

313 2434 409 2499 Aliud
434 2455 483 2501 ex.
509 2439 689 2503 attulerunt
713 2440 864 2521 [haegen
890 2439 970 2503 Hist.
997 2438 1087 2522 Synt.
1113 2438 1125 2501 l
1149 2435 1172 2522 ξ
1198 2437 1270 2514 140,
1296 2436 1421 2519 Hoppe,
1447 2459 1487 2502 zu
1512 2439 1576 2502 den
1600 2440 1727 2517 Fragm.
1748 2446 1808 2502 etc.
1824 2457 1894 2520 pag.
1910 2438 1962 2501 25:

314 2542 382 2606 Fal.
407 2542 429 2628 ξ
453 2546 510 2609 27;
536 2553 644 2627 potest
668 2547 764 2628 igitur
787 2547 966 2629 quidquam
992 2546 1114 2610 lactum
1139 2562 1222 2624 esse,
1247 2545 1335 2626 quod
1360 2564 1427 2608 non
1445 2542 1965 2632 verumfueritsuturvmtesse?

314 2648 365 2713 Dr.
392 2652 500 2714 vertit:
527 2652 615 2717 kann
639 2653 726 2717 wohl
751 2659 853 2718 etwas
877 2653 1063 2735 geschehen
1089 2653 1169 2728 sein,
1195 2653 1313 2716 dassen
1340 2651 1505 2716 Eintreten
1523 2651 1965 2717 indieWirklichkeitnicht

153 2754 272 2818 vorher
296 2756 461 2822 bestimmt
484 2748 580 2824 war?

313 2863 490 2929 Muellerus
523 2867 556 2929 in
581 2867 690 2931 adnot.
717 2868 787 2931 crit.
813 2885 852 2930 ex
877 2867 1069 2947 conjectura
1094 2866 1265 2929 cuiusdam
1289 2867 1477 2947 suspicatur
1505 2885 1613 2931 »essen
1641 2865 1827 2940 delendum,
1854 2884 1964 2948 quam-

154 2986 250 3046 quam
278 2969 310 3031 iu
335 2978 489 3035 contextu
514 2974 593 3037 nihil
618 2975 763 3038 mutavit.

313 3074 420 3159 Atque
454 3087 589 3160 apparet
623 3079 776 3161 Draegeri
801 3080 985 3161 explicandi
1011 3081 1172 3143 rationem
1197 3078 1287 3142 nullo
1312 3081 1410 3143 modo
1435 3079 1565 3143 delendi
1591 3097 1688 3161 posse
1713 3079 1775 3142 nisi
1802 3077 1963 3143 vocabulo

153 3197 229 3242 esse
262 3180 379 3247 deleto.
429 3182 493 3248 Sed
526 3204 567 3249 ne
600 3187 647 3250 sie
672 3186 803 3268 quidem
829 3187 1054 3250 commendari
1078 3192 1195 3268 potest.
1243 3185 1325 3249 Nam
1350 3185 1438 3248 illam
1464 3185 1734 3268 significationem
1760 3183 1900 3274 definiti
1922 3184 1963 3249 ab

153 3285 217 3349 hoc
252 3287 326 3353 loco
360 3289 500 3354 alienam
526 3309 609 3367 esse,
642 3293 721 3356 salis
745 3293 890 3356 declarat
915 3293 1090 3357 verborum
1114 3293 1323 3374 perpetuitas,
1350 3311 1434 3375 quae
1459 3292 1612 3374 postulet,
1639 3300 1673 3355 ut
1697 3292 1797 3357 verba
1821 3294 1964 3373 ascripta

153 3393 216 3457 boc
251 3397 349 3460 modo
384 3398 601 3480 explicentur:
635 3419 688 3464 om
723 3399 847 3464 hvilket
879 3401 932 3464 det
966 3399 1038 3463 icke
1062 3398 1116 3485 teu
1140 3395 1235 3484 gang)
1259 3401 1342 3462 varit
1366 3406 1472 3472 sanut,
1497 3406 1543 3462 att
1567 3398 1621 3462 det
1644 3418 1722 3463 vore
1747 3396 1962 3463 tbrestdende.

154 3499 202 3564 Ad
228 3505 509 3569 constructionem
533 3505 590 3570 cir.
618 3506 686 3570 Div.
712 3507 738 3570 ll
756 3506 778 3592 ξ
796 3507 852 3571 19:
879 3507 940 3570 nisi
959 3506 1046 3589 quod
1065 3505 1106 3569 ab
1123 3506 1212 3569 omui
1229 3506 1420 3569 aeternitate
1438 3513 1570 3569 certum
1584 3501 1694 3584 siverit
1710 3525 1785 3569 esso
1800 3502 1962 3588 ficturum.

153 3616 224 3673 rato
247 3617 404 3694 tempore.
453 3613 606 3677 Fortasse
631 3621 741 3678 tamen
764 3614 944 3677 infinitivus
969 3631 1044 3676 esse
1067 3612 1227 3676 delendus
1251 3618 1309 3675 est.
1347 3612 1428 3676 Tum
1449 3610 1751 3697 videturjittnrvun
1768 3613 1963 3675 substantivi

153 3716 224 3780 vice
256 3717 354 3800 iungi.
413 3717 477 3784 Cir.
512 3739 560 3796 ea,
596 3740 680 3803 quae
714 3721 862 3802 proxime
886 3726 1081 3803 sequuntur:
1117 3738 1203 3799 nam,
1228 3727 1263 3782 ut
1286 3721 1461 3800 praeterita
1484 3737 1524 3782 ea
1547 3737 1624 3782 vera
1649 3719 1797 3794 dicimus,
1823 3738 1962 3801 quorum

153 3825 321 3904 superiore
357 3832 504 3907 tempore
537 3846 614 3892 vera
649 3827 743 3892 tuerit
777 3829 942 3902 instantia,
976 3828 1023 3891 sic
1045 3824 1188 3910 sutura,
1224 3845 1366 3908 quorum
1391 3827 1607 3908 consequenti
1631 3832 1778 3908 tempore
1801 3845 1880 3891 vera
1903 3828 1964 3890 erit

154 3929 316 4006 instantia,
342 3950 382 3996 ea
407 3950 489 3998 uera
514 3934 672 3998 dicemus

312 4055 348 4119 ll.
397 4056 490 4141 Conj.
520 4078 616 4140 praes
640 4065 672 4123 et
695 4057 783 4141 impl.
810 4057 865 4122 lut.
891 4058 1032 4140 peripbr.
1059 4059 1090 4120 in
1115 4059 1283 4121 sententiis
1308 4058 1450 4122 relativis
1475 4057 1634 4138 leguntur,
1663 4077 1748 4141 quae
1775 4056 1962 4122 condicioni

152 4158 249 4222 alicui
274 4159 442 4242 subjectae
465 4171 550 4229 sunt.

312 4267 404 4350 Conj.
424 4288 545 4353 praes.
571 4271 626 4337 lut.
652 4273 792 4355 peripbr.

312 4373 405 4458 Conj.
441 4397 546 4460 praes
580 4379 637 4443 sut.
672 4380 813 4462 peripbr.
857 4381 892 4443 in
926 4377 1112 4442 huiusmodi
1145 4377 1316 4441 sententiis
1348 4376 1492 4441 relativis
1525 4378 1686 4458 apodosin
1715 4374 1814 4439 elficit
1837 4376 1962 4457 periodi

152 4482 392 4563 hypotheticae.
427 4486 523 4550 cuius
555 4487 696 4568 protasis
729 4494 786 4551 aut
818 4485 1043 4550 enuntiatione
1076 4483 1273 4548 secundaria
1297 4489 1354 4547 aut
1377 4485 1623 4549 constructione
1649 4483 1713 4558 illa,
1740 4502 1838 4566 quam
1863 4483 1960 4546 ablat.

152 4589 290 4655 absolut.
316 4598 445 4668 vocant,
470 4611 627 4675 expressa
650 4601 700 4658 est
723 4601 780 4658 aut
803 4594 944 4676 denique
968 4593 1000 4656 in
1025 4590 1188 4656 vocabulo
1213 4590 1323 4673 aliquo
1348 4590 1434 4654 latet.
1483 4591 1552 4655 Hae
1576 4591 1639 4654 hoc
1664 4589 1763 4654 modo
1787 4608 1962 4671 expressae

153 4697 277 4775 periodi
301 4699 504 4783 hypothetici
528 4707 582 4765 aut
608 4700 650 4764 ad
674 4702 764 4782 prius
788 4699 866 4763 illud
886 4718 990 4781 genus
1007 4698 1216 4780 periodorum
1231 4697 1514 4780 hypotheticarum
1530 4697 1641 4762 referri
1655 4703 1802 4777 possunt,
1824 4716 1961 4779 quarum

154 4802 348 4871 indicativus
382 4808 500 4871 modus
533 4808 684 4889 proprius
718 4813 776 4882 est,
802 4805 923 4870 autad
948 4806 1087 4869 alterurn
1113 4803 1191 4867 illud
1215 4823 1328 4884 genus,
1354 4805 1442 4887 quod
1468 4803 1679 4886 conjunctivo
1704 4806 1886 4885 praesentis
1911 4803 1961 4867 vel

153 4909 287 4991 perlecti
320 4915 429 4979 utitur.
479 4914 628 4980 Relaliva
659 4914 822 4978 sententia
854 4913 1008 4977 omnibus
1037 4911 1119 4975 locis
1142 4912 1184 4975 ad
1209 4929 1303 4974 suam
1327 4912 1524 4976 sententiam
1550 4910 1736 4992 primariam
1762 4909 1865 4973 relata
1889 4928 1962 4973 cau-

151 5016 255 5081 salem
279 5019 331 5084 vel
355 5023 602 5087 consecutivam
627 5022 692 5085 vim
717 5020 824 5086 hebet.

312 5126 360 5192 Ad
387 5130 476 5211 prius
502 5129 580 5193 illud
605 5147 709 5210 genus
733 5126 942 5210 periodorum
968 5125 1112 5209 hvpotb,
1138 5125 1227 5208 quod
1252 5124 1403 5189 brevitati
1428 5125 1625 5189 inserviendi
1650 5141 1867 5204 causagenus
1884 5123 1963 5187 indi-

150 5237 292 5300 cativum
317 5236 566 5318 appellabimus
594 5235 675 5299 haec
700 5255 746 5297 ex.
773 5232 945 5299 reserenda
969 5251 1042 5296 esse
1066 5232 1231 5310 videntur:

1858 5351 1874 5401 a
