4274 5790
1887 283 1923 344 11

321 468 356 530 N.
393 467 427 528 1).
463 466 474 528 Ι
506 465 529 547 ξ
563 466 620 528 38;
655 464 733 544 quid
767 464 943 527 absurdius
967 484 1066 547 qnam
1093 463 1244 526 homines
1263 461 1332 542 jam
1359 467 1462 524 morte
1487 460 1613 524 deletos
1637 478 1798 541 reponere
1823 462 1855 523 in
1881 461 1970 533 deos,

73 565 75 571 ’
159 594 298 657 quorum
324 574 432 637 omnis
456 573 564 636 cultus
589 568 841 656 essetsuturus
866 572 899 634 in
923 571 1024 635 luctu.

320 680 470 743 Protasin
505 677 572 743 1010
605 678 690 741 11300
723 679 836 742 andire
874 679 962 742 licet:
993 679 1020 741 si
1045 682 1157 741 essent
1180 677 1331 741 homines
1355 675 1483 738 mortui.
1536 671 1694 746 Quorum
1719 671 1833 738 010313
1860 669 1973 736 cultus

160 791 249 851 essct
259 785 412 873 ι1010103
436 783 471 849 in
497 782 590 850 10010
615 805 647 849 o:
674 804 814 868 quorum
839 803 970 849 omnem
995 784 1118 848 cultum
1144 802 1218 847 0330
1242 784 1274 846 10
1300 782 1390 846 10010
1415 784 1598 865 oporteret.

320 893 355 956 ln
379 893 513 975 reliquis
537 891 667 957 duobus
692 891 773 956 locis
797 892 861 956 huc
887 890 1125 973 pertinentibus
1149 891 1235 982 conj.
1261 889 1350 971 impl.
1376 888 1432 952 101.
1460 888 1600 970 periphr.
1626 906 1685 970 pro
1703 887 1924 953 condicionali
1945 887 1970 950 ll

160 1008 209 1064 031
233 1000 454 1081 accipiendus.
502 1000 564 1079 Qui
588 1019 668 1062 0303
691 1000 767 1063 inde
791 999 1006 1080 explicandus
1031 1005 1088 1073 est,
1116 998 1204 1080 quod
1223 998 1293 1079 jam
1318 999 1350 1060 in
1376 996 1524 1076 apodosi‚
1539 1013 1623 1077 quae
1637 996 1799 1058 sententia
1816 997 1970 1078 primaria

160 1115 218 1184 est,
253 1106 341 1189 impl.
376 1103 446 1170 ind.
482 1105 538 1169 101.
563 1107 704 1188 periphr.
732 1125 790 1187 pro
814 1105 1036 1170 condicionali
1060 1105 1086 1169 ll
1112 1111 1297 1186 usurpatur.
1346 1103 1381 1166 ln
1406 1103 1543 1184 apodosi
1569 1103 1673 1183 igitur,
1700 1121 1784 1186 quae
1809 1104 1972 1167 sententia

160 1214 355 1278 secundaria
387 1218 445 1288 est,
471 1231 556 1295 quae
580 1213 826 1294 conjunctivum
851 1214 985 1277 modum
1011 1212 1162 1294 postulet,
1188 1212 1419 1293 conjunctivus
1444 1209 1592 1291 ejusdem
1617 1210 1775 1290 temporis
1799 1211 1914 1275 eadem
1939 1211 1970 1274 vi

161 1322 300 1404 ponitur.

320 1428 450 1508 Legitur
473 1432 581 1490 autem
607 1427 693 1508 conj.
718 1426 844 1509 imperi.
870 1426 926 1491 101.
952 1426 1094 1509 periphr.
1120 1444 1180 1507 pro
1204 1424 1424 1489 condicionali
1449 1426 1476 1488 ll
1500 1430 1692 1505 usurpatus:

319 1533 383 1597 Mil.
408 1533 431 1619 ξ
455 1534 511 1597 84:
538 1553 577 1597 ea
601 1534 650 1597 vis
674 1535 770 1615 igitur
793 1531 927 1619 (divina)
951 1534 1040 1597 illam
1066 1533 1244 1614 perniciem
1269 1530 1444 1618 (Clodium)
1474 1531 1612 1606 sustulit,
1639 1533 1692 1595 cui
1716 1533 1856 1614 primum
1882 1551 1970 1595 meu·

159 1649 223 1705 lem
258 1641 378 1723 injecit,
413 1646 448 1704 nt
480 1643 511 1704 vi
546 1641 671 1705 irritare
705 1640 917 1705 fortissimum
951 1641 1056 1705 virum
1081 1641 1216 1704 auderet
1239 1641 1489 1721 vincereturque
1513 1639 1555 1702 ab
1579 1657 1629 1714 eo,
1655 1657 1752 1721 quem
1776 1640 1803 1701 si
1828 1639 1970 1711 vicisset,

160 1744 344 1813 babituros
368 1753 457 1812 esset
480 1749 706 1829 impunitatem
731 1749 975 1829 sempiternam.

321 1855 505 1918 Relativum
530 1873 726 1936 pronomen:
752 1873 857 1939 quem
882 1862 917 1917 01
940 1872 1123 1935 pronomen
1148 1859 1272 1917 tantum
1298 1853 1339 1917 ad
1364 1853 1525 1934 protasin:
1550 1850 1582 1915 sr‘
1605 1849 1740 1917 uicisset
1762 1872 1821 1933 pro
1838 1853 1971 1916 demon-

160 1963 295 2025 strativo
328 1963 470 2042 positum
504 1963 677 2042 pertinere,
711 1962 791 2024 satis
824 1967 968 2042 apparet.
1017 1961 1131 2043 Neque
1165 1966 1274 2024 tamen
1299 1960 1407 2024 minus
1430 1960 1546 2034 elucet,
1578 1959 1640 2023 boc
1665 1977 1848 2039 pronomen
1873 1962 1970 2024 etiam

160 2069 402 2149 conjunctionis
437 2068 669 2132 consecutivae
702 2068 772 2132 vice
808 2052 905 2149 iungi,
941 2073 1054 2149 utpote
1087 2066 1175 2149 quod
1199 2067 1375 2149 apodosin:
1411 2062 1593 2153 babituros
1618 2070 1706 2129 essct
1730 2065 1972 2150 impunitatem

160 2173 411 2258 sempiternam
445 2194 503 2255 pro
537 2175 699 2238 sententia
735 2175 948 2238 consecutiva
981 2176 1177 2256 sententiae:
1212 2176 1279 2257 (ut)
1311 2167 1827 2254 010001010101)0030111031.
1876 2174 1969 2253 Quod

161 2302 261 2364 quum
294 2283 339 2344 ita
372 2283 422 2358 311,
458 2300 524 2344 000
549 2281 662 2344 dubito
686 2288 801 2363 putare
826 2299 1008 2362 pronomen
1033 2281 1204 2345 relativum
1229 2281 1262 2343 in
1286 2299 1387 2345 causa
1412 2279 1523 2353 101330,
1548 2300 1608 2344 001
1635 2276 1836 2345 »trabitur-us
1861 2285 1966 2345 essct»
2060 2343 2065 2351 ,

161 2409 219 2469 pro
255 2384 438 2452 babituros
472 2392 550 2452 erat
581 2384 784 2469 (imbuisset,
821 2383 980 2465 10110101)
1013 2387 1219 2452 scriberetur.
1268 2386 1331 2451 Cir.
1362 2405 1412 2469 ep.
1437 2388 1479 2451 ad
1503 2387 1566 2450 Ati.
1592 2386 1643 2463 IV,
1671 2388 1721 2463 17,
1750 2390 1776 2464 1,
1803 2387 1890 2470 quod
1920 2406 1969 2451 ex.

157 2496 225 2575 jam
261 2494 438 2557 attulimus
496 2494 603 2576 Atque
632 2500 668 2558 01
690 2495 778 2558 illius
802 2495 942 2576 exempli
967 2493 1149 2559 mutilando
1173 2493 1289 2558 falsam
1313 2493 1464 2575 praebuit
1487 2494 1630 2574 speciem
1655 2494 1839 2570 Kiibnerus,
1865 2496 1912 2559 sic
1937 2497 1970 2557 in

161 2601 224 2663 boc
259 2600 410 2682 exemplo
443 2600 609 2664 laudando
643 2620 795 2682 perverse
829 2607 964 2681 egerunt
997 2601 1171 2665 Kiihnerus
1196 2599 1298 2687 (Ausi.
1325 2601 1391 2664 Lat.
1416 2599 1468 2664 Gr.
1493 2599 1516 2685 ξ
1540 2600 1614 2674 215,
1643 2599 1672 2686 1)
1697 2607 1729 2666 01
1753 2603 1969 2666 Lattmann-

161 2707 275 2771 llliiller
307 2708 386 2787 (Lat.
421 2706 568 2787 Schulgr.
603 2706 625 2793 §
661 2709 732 2781 179,
763 2726 848 2770 anm.
875 2706 909 2793 1).
958 2708 1004 2770 113
1036 2708 1123 2771 00110
1149 2707 1292 2772 10101001
1317 2707 1416 2771 verba
1440 2707 1537 2770 huius
1561 2708 1711 2789 exempli,
1736 2709 1824 2773 velut
1848 2710 1875 2771 si
1900 2728 1970 2790 pro-

162 2833 281 2877 nomen
315 2814 486 2877 relativum
520 2814 562 2877 ad
595 2813 756 2896 apodosin
790 2814 869 2877 nihil
899 2815 1067 2895 pertineat,
1104 2834 1204 2897 quum
1238 2814 1399 2879 scribunt:
1434 2833 1539 2898 quant
1568 2811 1599 2877 si
1621 2812 1764 2895 uicisset,
1789 2811 1971 2879 babituros

162 2923 250 2983 03301
273 2918 524 3004 inmunitatem.
1743 2934 1746 2941 ⁴

321 3026 379 3092 011.
405 3027 416 3089 l
441 3026 463 3112 ς’
490 3026 565 3090 126;
591 3027 751 3108 principio
775 3029 924 3109 corporis
948 3029 1050 3092 nostri
1075 3047 1226 3109 magnam
1251 3035 1368 3092 natura
1390 3028 1462 3109 ipsa
1484 3028 1611 3092 videtur
1626 3027 1780 3092 babuisse
1797 3028 1968 3103 rationem,

161 3153 245 3216 qnae
270 3133 408 3196 sormam
433 3139 578 3196 nostram
596 3133 820 3216 reliquamque
838 3134 982 3216 figuram,
1000 3136 1033 3198 in
1050 3154 1116 3218 qua
1133 3142 1220 3200 03301
1236 3135 1364 3216 species
1381 3134 1529 3210 honesta,
1548 3154 1621 3199 eam
1638 3136 1747 3216 posuit
1761 3135 1793 3197 in
1807 3141 1969 3216 promptu,

161 3260 245 3323 quac
270 3247 378 3321 partes
401 3241 549 3321 corporis
573 3239 615 3303 ad
640 3245 776 3303 naturae
801 3243 1030 3305 necessitatem
1055 3243 1150 3305 datae
1175 3247 1344 3323 aspectum
1369 3247 1484 3306 essent
1505 3242 1683 3307 deformem
1701 3238 1895 3317 1101010100,
1914 3260 1971 3306 033

160 3349 305 3410 contexit
327 3354 425 3429 atque
450 3345 584 3410 abdidit.

320 3454 464 3517 Protesis
498 3472 537 3517 ex
570 3453 735 3534 prioribus
768 3453 876 3517 verbis
908 3461 958 3518 est
990 3456 1185 3537 cogitatione
1209 3456 1395 3538 supplenda
1419 3456 1519 3520 baec:
1557 3454 1588 3520 si
1611 3453 1645 3520 in
1664 3459 1833 3541 promptu
1857 3457 1973 3519 033101

156 3559 300 3644 positae.

320 3666 525 3730 Postremum
559 3666 692 3730 31101310
726 3686 828 3730 unum
862 3669 1058 3753 exemplum,
1084 3670 1116 3733 in
1142 3689 1207 3753 quo
1231 3670 1317 3752 conj.
1343 3668 1431 3751 impl.
1457 3670 1514 3732 101.
1540 3670 1681 3751 periphr.
1707 3671 1832 3751 positus
1856 3677 1906 3735 est
1930 3671 1970 3734 de

160 3793 209 3849 co,
235 3775 290 3855 qui
315 3791 390 3836 vere
414 3775 446 3836 in
471 3773 582 3835 animo
606 3772 749 3837 babebat
772 3775 895 3857 aliquid
920 3774 1038 3851 lacere,
1064 3776 1152 3859 qnod
1178 3796 1218 3840 nc
1243 3777 1334 3841 fieret
1358 3776 1468 3858 aliqua
1492 3795 1526 3839 re
1551 3777 1787 3857 prohiberetur.
1835 3778 1890 3841 Est

320 3880 409 3943 Verr.
435 3880 477 3942 IV
500 3878 523 3964 ξ
547 3881 603 3942 67:
629 3899 685 3944 rex
711 3880 853 3944 clamare
878 3883 996 3963 coepit,
1022 3882 1267 3959 candelabrum,
1293 3883 1382 3966 quod
1407 3884 1439 3946 in
1464 3883 1654 3965 capitolium
1680 3882 1852 3948 missurus
1871 3888 1968 3964 essct,

160 3989 190 4052 id
216 3989 257 4052 ab
281 4007 316 4052 se
341 3987 376 4052 C.
403 3988 538 4052 Verrem
562 3986 747 4051 abstulisse.

320 4095 389 4159 Hoc
414 4095 600 4175 exemplum
625 4094 689 4159 hnc
713 4094 818 4170 retuli,
845 4114 910 4158 non
936 4115 1002 4178 quo
1027 4102 1184 4177 putarem,
1210 4098 1405 4162 sententiam
1429 4097 1599 4161 relativam
1624 4096 1785 4178 apodosin
1802 4117 1875 4162 esse
1894 4118 1969 4163 con·

159 4203 366 4277 dicionalem,
401 4203 459 4266 sed
493 4203 570 4284 quia
603 4221 664 4266 nos
693 4203 726 4266 in
751 4202 907 4266 vertendo
932 4203 1017 4285 conj.
1044 4203 1300 4286 plusquamperl.
1327 4205 1457 4268 utimur.
1505 4204 1624 4267 Noster
1647 4224 1666 4267 3
1690 4205 1791 4269 131100
1816 4225 1968 4270 sermone

159 4313 307 4374 diversus
333 4310 487 4392 loquendi
517 4328 596 4372 usus
621 4309 653 4372 in
678 4328 717 4373 eo
743 4310 869 4391 positus
893 4328 966 4374 esse
991 4311 1128 4386 videtur,
1155 4311 1242 4393 quod
1268 4329 1327 4373 nos
1351 4311 1455 4390 magis
1479 4310 1685 4392 proterimus,
1711 4331 1779 4375 rem
1806 4333 1871 4376 non
1896 4332 1969 4377 esse

158 4419 198 4480 ad
224 4425 376 4480 eventum
401 4417 603 4498 perductam,
629 4436 729 4498 quum
755 4416 853 4479 latine
878 4416 1014 4492 dicatur,
1040 4417 1212 4481 consilium
1238 4417 1376 4480 alicuius
1392 4416 1514 4500 aliquid
1534 4417 1675 4482 faciendi
1694 4427 1840 4501 tompore
1858 4420 1968 4501 aliquo

159 4524 332 4604 praeterito
367 4541 489 4587 aarum
522 4522 632 4586 luisse.
691 4523 791 4586 Plane
824 4522 939 4586 eadem
965 4530 1014 4587 est
1038 4525 1120 4588 ratio
1144 4523 1270 4606 imperf.
1295 4523 1360 4586 ind.
1388 4523 1443 4588 lut.
1469 4525 1612 4606 periphr.
1640 4526 1673 4589 in
1698 4526 1837 4608 apodosi
1861 4546 1969 4607 sump-

159 4630 256 4693 tionis
289 4630 335 4693 rei
360 4649 427 4693 non
452 4629 567 4693 factae.
615 4628 697 4692 Illud
723 4636 848 4693 tantum
872 4630 1044 4694 intercedit
1069 4629 1246 4694 discrimen
1270 4632 1354 4693 inter
1378 4631 1441 4694 boc
1465 4631 1652 4713 exemplum
1679 4640 1711 4696 et
1736 4633 1801 4696 duo
1827 4633 1883 4696 illa
1907 4652 1967 4707 ex,

160 4739 331 4819 quaejam
361 4736 538 4811 attulimus,
564 4736 652 4818 impl.
679 4737 764 4817 conj.
790 4737 846 4800 sut.
873 4737 1013 4819 periphr.
1039 4738 1073 4804 10
1096 4738 1234 4819 apodosi
1258 4737 1470 4820 hypothetica
1493 4757 1552 4819 pro
1577 4739 1798 4804 condicionali
1816 4740 1842 4803 ll
1861 4741 1967 4822 positi,

160 4842 247 4923 qnod
280 4844 313 4906 in
349 4844 411 4908 hoc
436 4843 596 4925 exemplo,
634 4862 734 4925 quum
760 4845 900 4924 protasis
925 4844 1164 4927 neque'verbis
1187 4863 1344 4925 expressa
1367 4846 1409 4907 sit
1432 4863 1540 4928 neque
1566 4846 1763 4925 cogitatione
1788 4847 1829 4908 sit
1853 4846 1967 4910 intelli·

158 4949 273 5030 genda,
299 4950 353 5013 illa
378 4951 580 5032 significatio
604 4968 689 5032 quae
714 4955 794 5030 part.
820 4950 876 5013 lut.
902 4952 1033 5033 propria
1058 4957 1118 5028 est,
1145 4952 1248 5033 magis
1268 4952 1412 5015 eminere
1430 4959 1528 5034 atque
1545 4960 1673 5017 exstare
1691 4953 1827 5016 videtur.
1855 4953 1968 5017 Exem-

159 5055 248 5137 plum
273 5053 343 5120 incl.
370 5057 457 5138 impl.
484 5057 539 5121 tut.
566 5055 706 5138 periphr.
733 5057 796 5120 hoc
820 5057 919 5121 modo
943 5058 1090 5139 usurpati
1114 5058 1216 5121 babes

318 5163 381 5227 nn.
407 5164 429 5240 Ι,
457 5165 507 5239 17,
532 5164 566 5227 9;
592 5163 672 5245 quin
697 5167 773 5227 erat
797 5159 1018 5229 dicturus-
1042 5164 1083 5228 ad
1108 5183 1205 5247 quem
1230 5170 1362 5246 propter
1385 5164 1449 5228 diei
1474 5165 1666 5229 brevitatem
1684 5172 1877 5246 perventum
1896 5185 1963 5232 non

158 5275 208 5332 031
232 5307 273 5317 -
298 5270 396 5333 beros
421 5269 475 5332 ille
499 5276 611 5333 noster
635 5268 726 5335 Catu.
