4274 5790
1839 215 1882 296 39'

277 393 477 491 Sumptioni:
503 406 608 475 etiam
632 395 664 473 sl
686 394 877 474 adlaturus
901 409 991 474 esset
1011 404 1176 474 contraria
1199 416 1249 475 est
1272 410 1353 475 haec
1377 409 1564 474 affirmatio:
1597 415 1631 474 at
1654 427 1721 474 non
1746 415 1816 474 erat
1839 409 1926 474 adla-

103 519 211 579 turus
231 534 267 580 a:
293 535 359 581 non
384 516 463 580 mihi
487 516 589 581 latum
613 522 683 580 erat
707 516 799 581 illum
823 516 910 581 diem
933 518 1020 581 vitae
1044 516 1142 581 finem
1160 517 1239 581 mihi
1263 515 1400 582 adferre.

273 621 310 687 ln
343 623 482 706 apodosi
512 625 630 706 legitur
661 624 748 706 conj.
782 622 910 706 imperi.
944 623 1000 688 lut.
1034 624 1176 716 periphr.
1201 643 1376 707 nusquam,
1401 624 1486 707 conj.
1507 619 1850 712 plusquamperfect
1871 621 1926 687 fut

102 727 256 811 periphr.
281 749 348 795 uno
373 729 463 795 loco:

274 835 379 901 Divin.
404 837 430 902 ll
452 837 475 923 ξ
498 838 554 902 21:
580 839 679 903 etiam
703 839 731 901 si
755 837 1016 920 obtemperasset
1038 839 1204 920 auspiciis,
1230 838 1317 903 idem
1341 841 1548 904 euenturum
1559 835 1703 925 suisset.

273 942 408 1009 Praeter
439 943 602 1009 Klotzium
636 945 734 1009 etiam
758 945 909 1010 Baiterus
932 951 964 1010 et
987 944 1163 1010 Muellerus
1187 944 1311 1028 legunt:
1337 948 1543 1011 euenturum
1556 942 1699 1032 fuisset.
1746 943 1927 1025 Madvigius

102 1052 175 1132 (op.
202 1049 295 1115 acad.
320 1051 374 1116 alt.
400 1071 450 1134 pg.
476 1052 568 1132 230):
594 1054 800 1118 curvaturam
822 1048 900 1133 suit.
948 1051 1011 1116 Per
1033 1052 1175 1134 priorem
1199 1051 1338 1117 sormam
1362 1054 1465 1135 magis
1488 1054 1661 1129 indicatur,
1687 1050 1789 1117 latum
1813 1051 1926 1114 immu-

108 1162 217 1223 tatum
240 1175 470 1223 remansurum
494 1159 604 1235 luisse,
630 1177 688 1242 per
711 1160 848 1225 alteram
872 1167 982 1226 autem
1006 1163 1151 1244 pressius
1175 1167 1339 1243 urguetur,
1370 1178 1446 1225 vere
1471 1159 1573 1225 latum
1597 1159 1698 1224 luisse
1714 1159 1778 1223 hoe
1795 1159 1926 1222 evenire

113 1264 212 1331 &am
236 1265 297 1329 hac
322 1266 532 1332 condicione:
557 1264 637 1331 illud
661 1266 718 1332 lati
742 1265 1068 1346 immutabilitatem,
1085 1269 1149 1334 hoc
1167 1265 1348 1334 ceritatem
1364 1265 1437 1332 eius
1453 1266 1606 1332 disertius
1623 1266 1785 1348 exprimit.
1819 1263 1926 1346 Atque

107 1368 410 1437 inmutabilitatem
434 1379 467 1437 et
489 1375 710 1439 constantiam
733 1373 791 1439 lati
814 1394 897 1452 esse,
923 1376 964 1441 de
987 1395 1053 1459 qua
1076 1377 1128 1441 hic
1153 1375 1295 1440 maxime
1312 1380 1434 1456 agatur,
1452 1375 1532 1438 satis
1546 1373 1694 1438 indicant
1708 1392 1809 1455 quum
1826 1371 1927 1436 verba

105 1479 277 1560 proxima:
304 1477 437 1544 mutari
459 1478 552 1544 enim
563 1477 653 1568 sato
676 1499 745 1545 aon
765 1484 924 1566 possunt,
955 1490 1024 1547 tum
1048 1483 1145 1547 huius
1169 1482 1233 1547 loci
1257 1481 1419 1547 sermonis
1442 1481 1651 1563 perpetuitas.
1699 1478 1814 1544 Cicero
1839 1479 1926 1543 enim

10 1574 21 1629 l
104 1580 177 1648 hoc
210 1583 273 1648 sibi
305 1585 599 1651 demonstrandum
632 1589 811 1671 proposuit,
846 1587 948 1653 iatum
972 1589 1062 1655 nulla
1084 1596 1199 1654 nostra
1222 1607 1301 1654 cura
1325 1595 1357 1652 et
1380 1606 1481 1670 opera
1504 1589 1623 1652 mutari
1647 1594 1679 1652 et
1703 1587 1790 1651 flecti
1814 1603 1922 1668 posse.

105 1688 221 1772 Atque
252 1690 336 1756 haec
369 1691 426 1757 lati
459 1700 549 1759 certa
581 1700 613 1759 et
645 1696 823 1760 constituta
855 1697 1041 1762 constantia
1065 1696 1188 1779 optime
1211 1703 1243 1761 et
1266 1695 1457 1778 planissime
1480 1694 1672 1777 exprimitur
1693 1694 1833 1776 apodosi
1855 1692 1925 1757 illa:

107 1796 200 1863 idem
225 1805 417 1864 eventurum
442 1799 565 1866 fuisset.
605 1801 736 1867 Nullam
758 1803 854 1886 igitur
870 1823 1006 1868 causam
1022 1805 1155 1869 invenio
1173 1823 1249 1869 cum
1265 1803 1428 1885 Madvigio
1446 1802 1596 1867 lectionis
1612 1803 1758 1866 omnium
1775 1800 1926 1865 codicum

107 1906 307 1971 auctoritate
330 1908 581 1973 commendatae
605 1909 790 1975 mutandae.

273 2059 432 2141 Reliquae
464 2060 716 2142 conjunctiones
750 2063 973 2140 concessivae,
1007 2081 1027 2127 a
1060 2061 1179 2145 quibus
1212 2061 1395 2127 inferuntur
1426 2062 1609 2126 sententiae
1633 2060 1844 2144 conjunctivo
1868 2059 1924 2123 lut.

27 2174 36 2201 ⁴
109 2164 254 2248 periphr.
280 2172 418 2244 utentes,
443 2175 533 2231 sunt:
560 2188 680 2253 qnam,
706 2188 925 2255 quamquam
949 2168 1084 2257 (semel),
1110 2167 1272 2255 quamuis
1296 2167 1432 2256 (semel).

741 2408 744 2413 4
777 2335 907 2413 Quum
930 2341 1222 2405 concessivum

272 2459 398 2543 Duplex
422 2468 472 2526 est
497 2481 576 2526 usus
600 2463 685 2546 conj.
710 2462 767 2528 lut.
793 2465 933 2547 periphr.
958 2466 993 2528 in
1009 2465 1180 2529 sententiis
1197 2483 1217 2527 a
1233 2481 1343 2548 qaum
1358 2461 1643 2545 proficiscentibus
1661 2462 1923 2543 distinguendus:

111 2572 169 2631 aut
201 2567 288 2631 enim
321 2568 483 2650 profertur
514 2572 678 2635 sententia
709 2573 903 2637 concessiva
937 2571 1017 2636 nulli
1050 2572 1199 2655 subjecta
1223 2570 1411 2636 condicioni
1435 2569 1679 2651 antapodosin
1703 2568 1802 2634 elficit
1826 2569 1925 2652 hypo·

111 2672 277 2738 theticam.

512 2836 535 2900 l.
583 2836 752 2903 Sententia
776 2841 970 2904 concessiva
994 2838 1074 2904 nulli
1098 2838 1247 2920 subjecta
1271 2837 1457 2902 condicioni
1482 2843 1540 2901 est.

273 2976 365 3061 Conj.
391 2976 588 3066 imperfecti
610 2980 664 3045 lut.
690 2983 831 3064 periphr.
858 2983 1021 3064 objectiva
1045 2981 1144 3047 futuri
1167 2982 1198 3045 vi
1227 2979 1393 3062 praeditus
1417 2979 1534 3060 legitur

271 3103 318 3149 or.
351 3104 410 3168 pro
439 3085 566 3152 Cluent.
590 3088 613 3174 ξ
637 3089 694 3153 72:
728 3089 792 3153 hoc
816 3090 904 3154 addit
931 3090 1116 3166 testimonii,
1150 3106 1210 3152 sua
1233 3086 1325 3150 illum
1349 3087 1520 3163 sententia,
1551 3106 1651 3168 quum
1675 3085 1785 3168 palam
1809 3105 1924 3151 omnes

113 3182 223 3256 laturi
244 3195 366 3271 essent,
390 3193 646 3259 condemnatum
670 3197 718 3261 iri.

272 3300 394 3365 Rerum
427 3301 518 3378 ordo,
552 3302 593 3368 de
625 3303 744 3386 quibus
768 3305 881 3386 agitur,
907 3305 960 3368 hic
984 3310 1043 3368 est.
1091 3301 1292 3384 Oppianicus
1315 3301 1451 3365 vitricus
1474 3320 1494 3365 a
1518 3300 1670 3366 Cluentio
1695 3300 1736 3364 de
1761 3300 1922 3364 veneficio

109 3413 287 3471 aecusatus
309 3416 342 3472 et
365 3408 406 3473 de
430 3408 535 3474 salute
559 3417 675 3475 suaet
699 3410 901 3476 fortunarum
926 3411 1106 3493 desperans
1130 3408 1165 3474 C.
1190 3406 1284 3472 Aelio
1309 3405 1453 3483 Staieno,
1474 3408 1579 3491 judici
1604 3407 1798 3484 nummario,
1824 3425 1920 3489 pocu-

111 3512 200 3578 niam
222 3515 379 3597 grandem
403 3515 444 3580 ad
464 3517 626 3604 judicium
650 3519 927 3601 corrumpendum
952 3518 1016 3582 dat.
1064 3516 1155 3597 Quae
1179 3515 1320 3598 pecunia
1339 3515 1435 3579 simul
1460 3521 1559 3599 atque
1583 3515 1625 3580 ad
1641 3534 1717 3581 eum
1733 3513 1841 3579 delata
1860 3522 1918 3591 est,

10 3620 12 3625 '
110 3619 211 3685 homo
234 3621 476 3704 impurissimus
501 3624 563 3688 boc
588 3625 717 3689 consilii
741 3626 838 3708 capit,
863 3631 899 3689 ut
922 3624 1097 3707 pecuniam
1121 3622 1316 3706 quibusdam
1337 3622 1506 3705 judicibus
1527 3622 1701 3687 levissimis
1717 3621 1920 3705 polliceatur,

17 3728 20 3733 '
112 3725 229 3793 deinde
262 3747 335 3794 eam
368 3736 483 3813 postea
506 3732 697 3815 supprimat.
746 3732 841 3812 Quod
865 3739 901 3796 ut
924 3730 993 3795 fieri
1017 3736 1137 3813 posset,
1163 3729 1244 3794 nihil
1267 3748 1329 3794 sua
1352 3730 1455 3810 magis
1479 3730 1638 3795 interesse
1662 3729 1799 3812 putabat
1822 3748 1922 3813 quam

112 3832 259 3900 damnari
283 3834 515 3919 Oppianicum:
541 3838 696 3904 damnato
721 3841 808 3903 enim
826 3840 990 3903 neminem
1007 3838 1181 3920 pecuniam
1197 3856 1272 3903 esse
1289 3838 1512 3920 repetiturum.
1542 3836 1794 3902 Damnationem
1811 3843 1920 3902 autem

112 3940 158 4006 sic
181 3948 283 4026 parat.
330 3943 476 4009 Pecunia
498 3945 694 4027 quibusdam
718 3945 880 4028 promissa
903 3964 1003 4027 quum
1028 3963 1113 4008 unus
1129 3949 1161 4008 et
1176 3944 1258 4009 alter
1273 3943 1343 4009 dies
1364 3944 1605 4009 intercessisset
1621 3963 1728 4028 neque
1747 3945 1922 4027 quisquam

112 4058 282 4133 sequester
314 4057 347 4116 et
380 4051 592 4117 confirmator
624 4054 785 4135 pecuniae
819 4053 998 4127 exsisteret,
1033 4070 1086 4115 res
1118 4069 1234 4133 parum
1268 4057 1358 4116 certa
1386 4051 1565 4116 videbatur.
1613 4052 1748 4129 Bulbus,
1773 4071 1859 4116 unus
1883 4072 1923 4118 ex

113 4159 273 4240 corruptis
301 4158 480 4241 judicibus,
514 4177 573 4241 per
602 4179 700 4242 quem
724 4180 800 4225 cum
824 4158 958 4242 reliquis
982 4165 1101 4241 egerat,
1126 4159 1168 4223 ad
1192 4158 1358 4222 hominem
1383 4160 1472 4223 venit
1494 4165 1593 4242 atque
1618 4160 1731 4242 quaeri
1754 4158 1842 4236 dicit,
1867 4159 1923 4224 ubi

113 4263 154 4327 sit
182 4266 333 4347 pecunia.
390 4266 474 4331 Tum
506 4266 688 4344 adseverat,
718 4286 791 4333 sese
815 4266 857 4331 ab
882 4265 1064 4349 Oppianico
1089 4266 1278 4331 destitutum
1303 4264 1427 4330 nullam
1451 4268 1621 4349 accepisse
1645 4266 1820 4349 pecuniam
1839 4266 1922 4347 judi-

113 4368 204 4436 cibus
227 4371 486 4438 distribuendam
510 4380 608 4458 atque
632 4374 696 4439 hoo
720 4375 810 4439 addit
834 4375 1020 4450 testimonii,
1046 4393 1106 4437 sua
1129 4373 1221 4438 illum
1245 4373 1408 4439 sententia
1432 4379 1493 4438 etc.
1542 4374 1613 4439 Hoc
1638 4374 1736 4438 modo
1753 4373 1869 4451 eliecit,
1887 4381 1922 4438 ut

112 4496 227 4545 omnes
264 4480 299 4544 hi
328 4480 458 4563 judices
491 4487 658 4564 tamquam
692 4482 733 4547 ab
767 4481 949 4565 Oppianico
980 4482 1108 4564 decepti
1132 4482 1180 4545 ira
1203 4482 1237 4545 in
1261 4500 1335 4545 eum
1360 4481 1616 4546 incenderentur
1638 4487 1736 4565 atque
1760 4483 1831 4546 sine
1855 4481 1923 4545 ulla

112 4583 313 4652 dubitatione
336 4606 411 4653 eum
436 4589 593 4653 damnare
618 4589 864 4654 constituerent.

270 4692 360 4775 Quae
393 4715 494 4778 quum
530 4697 575 4760 ita
607 4697 680 4772 sint,
717 4717 817 4780 quum
851 4697 934 4762 haec
958 4697 1000 4760 sit
1022 4713 1130 4759 rerum
1151 4695 1378 4771 cohaerentia,
1401 4696 1577 4777 quaeritur,
1603 4695 1770 4779 quomodo
1793 4695 1857 4760 hoo
1881 4696 1922 4759 sit

110 4799 296 4883 exemplum
319 4801 564 4883 explicandum:
590 4823 700 4888 qaum
719 4802 847 4887 palam
871 4822 993 4868 omnes
1017 4799 1125 4868 lotari
1147 4807 1262 4868 essent
1276 4823 1322 4868 sc.
1341 4803 1529 4867 sententias.
1566 4802 1614 4867 Ac
1630 4803 1772 4885 primum
1790 4792 1930 4886 quidem

109 4905 144 4971 id
165 4908 264 4974 aedo
288 4926 362 4973 esse
385 4915 534 4991 apertum
559 4911 643 4976 inter
667 4911 752 4975 banc
776 4912 971 4976 sententiam
996 4911 1132 4993 eiusque
1156 4911 1344 4992 primariam
1369 4911 1628 4975 enuntiationem
1651 4911 1806 4975 contrarii
1827 4910 1922 4974 ratio·

108 5031 185 5080 nem
208 5015 410 5081 intercedere
434 5023 531 5099 atque
555 5036 665 5102 qaum
689 5017 868 5100 particulae
893 5019 1119 5083 concessivam
1143 5018 1208 5081 vim
1233 5036 1306 5084 esse
1331 5016 1548 5083 tribuendam.
1590 5015 1791 5082 Concessiva
1812 5023 1922 5082 autem

108 5120 207 5187 huius
237 5123 418 5205 particulae
452 5125 501 5188 vis
534 5144 635 5207 quum
659 5126 713 5188 sit:
749 5123 791 5189 da
814 5125 909 5202 dook,
934 5125 1048 5200 ehuru,
1073 5123 1224 5200 tinskbnt,
1250 5123 1367 5202 bastin,
1396 5127 1553 5208 sequitur,
1578 5132 1613 5190 ut
1635 5143 1695 5207 per
1719 5126 1803 5190 hanc
1827 5125 1923 5205 parti·

105 5227 219 5295 culam
241 5247 355 5294 verum
379 5231 502 5314 aliquid
527 5237 559 5295 et
583 5238 706 5296 certum
733 5232 915 5296 inducatur.
1335 5216 1336 5220 ¹
