4274 5790
1894 265 1937 345 33

334 445 443 526 Verba
471 466 532 537 uui,
558 461 585 524 si
609 446 744 536 dicatur,
762 447 951 525 Africanum
969 446 1165 542 Karthagine
1183 463 1381 544 potiturum»
1401 461 1569 542 ejecerunt
1585 460 1733 525 Baiterus
1749 466 1781 524 et
1797 458 1981 523 Muellerus.

172 565 305 649 lnjuria.
352 568 435 632 Nam
460 588 560 652 quum
584 569 647 633 hoc
671 568 777 632 simile
801 569 935 633 omnino
953 587 1117 653 nusquam
1135 571 1169 633 iu
1185 569 1248 634 hoc
1267 569 1448 650 fragmento
1467 573 1659 649 usurpatum
1675 568 1860 631 inveniatur
1876 584 1983 649 neque

171 671 271 739 facile
303 693 420 740 cernas
453 677 539 740 unde
563 675 780 758 desumptum,
815 682 936 741 temere
959 676 1136 742 admodum
1161 684 1193 741 et
1215 677 1372 741 audacter
1399 675 1481 739 haec
1505 673 1606 740 verba
1629 674 1796 739 tolluntur.
1844 673 1882 737 Et
1905 692 1984 738 vero

171 782 298 864 optime
329 801 425 846 suum
458 781 578 859 locum,
614 783 713 848 modo
742 781 922 864 paullulum
947 790 1116 860 mutatum,
1141 783 1289 848 obtinere
1311 783 1471 847 videntur.
1520 781 1633 847 Scribe
1657 782 1759 846 enim:
1785 783 1825 857 et,
1850 779 1882 845 si
1905 799 1985 846 uere

171 883 263 974 quid
286 884 425 954 dicatur
448 885 492 953 de
503 886 644 976 futuru,
670 891 715 965 ut,
732 887 764 953 si
779 885 927 970 dicutur,
947 886 1158 970 Africanum
1174 886 1398 972 Kurtbupiue
1411 887 1613 973 potiturum,
1639 885 1745 973 idque
1761 885 1984 974 imfuturum

172 991 227 1076 su,
263 990 363 1060 dicus
398 1014 473 1061 esse
496 993 751 1077 necessarium,
783 998 894 1061 omnia
916 997 1014 1079 plane
1038 1003 1070 1062 et
1092 996 1283 1079 simpliciter
1304 998 1493 1080 procedent.
1541 995 1748 1060 Vocabulum
1773 991 1869 1079 quid,
1896 995 1983 1078 quod

174 1100 295 1180 addidi,
319 1121 415 1185 aegre
437 1103 595 1186 requiras
621 1109 718 1186 atque
741 1110 817 1168 aute
842 1101 981 1169 dicutur
1002 1105 1144 1187 positum
1170 1103 1264 1169 facile
1288 1104 1456 1169 librarium
1480 1103 1620 1184 effugere
1644 1104 1758 1184 potuit.

336 1226 394 1294 Oli.
418 1227 504 1315 1115
528 1230 584 1293 39:
618 1230 700 1294 haec
724 1236 774 1294 est
796 1231 845 1295 vis
868 1231 965 1297 huius
989 1231 1079 1295 anuli
1103 1238 1134 1295 et
1157 1231 1254 1296 huius
1278 1229 1434 1311 exempli:
1464 1229 1492 1291 si
1515 1246 1612 1293 nemo
1635 1225 1794 1307 sciturus,
1819 1244 1982 1291 nemone

179 1330 415 1419 auspicaturus
437 1336 570 1418 quidem
593 1335 645 1417 sit,
670 1356 745 1401 cum
770 1336 893 1420 aliquid
915 1338 1109 1414 divitiarum,
1127 1337 1302 1420 potentiae,
1320 1335 1562 1409 dominationis,
1580 1333 1723 1398 libidinis
1738 1352 1840 1398 causa
1857 1333 1984 1409 sacaria,

98 1520 103 1531 ·
159 1440 202 1504 ‘si
224 1440 260 1505 id
284 1441 335 1506 dis
358 1442 613 1526 hominibusque
626 1439 797 1528 futurum
820 1441 866 1509 sit
886 1463 1017 1526 semper
1034 1445 1190 1525 ignotum,
1216 1443 1304 1507 sisne
1329 1441 1484 1507 facturus.

336 1566 372 1631 ln
395 1566 446 1630 his
468 1569 638 1633 sententiis
662 1569 865 1633 secundariis
889 1569 1108 1651 hypotheticis
1131 1568 1360 1650 conjunctivus
1385 1586 1451 1631 non
1475 1584 1580 1648 praes.
1606 1565 1772 1647 simplicis,
1798 1566 1857 1629 sed
1880 1584 1985 1647 praes.

98 1658 105 1663 ’Δ
172 1672 416 1755 conjugationis
448 1675 704 1756 periphrasticae
737 1675 847 1739 locum
879 1675 987 1752 habet,
1021 1681 1193 1758 propterea
1218 1675 1305 1757 quod
1330 1692 1379 1750 ea,
1404 1692 1488 1756 quae
1512 1679 1694 1748 sumuntur,
1720 1678 1867 1755 tempore
1891 1673 1984 1755 sequi

172 1779 338 1862 apoduein
362 1786 439 1844 sunt
460 1782 615 1862 putanda.
663 1780 770 1865 Atque
793 1781 984 1846 facillimum
1009 1789 1058 1847 est
1069 1782 1139 1863 jam
1155 1783 1189 1845 in
1205 1783 1311 1864 primo
1328 1781 1554 1862 conjunctivo:
1580 1777 1730 1844 sciturus
1745 1777 1789 1844 sit
1801 1780 1984 1856 ostendere,

173 1886 255 1970 quid
286 1886 523 1968 significatione
556 1888 682 1953 dillerat
713 1889 870 1971 protasis:
906 1886 1061 1953 sinemo
1086 1887 1235 1953 sciturus
1258 1887 1303 1953 sit
1324 1890 1366 1953 sit
1389 1886 1430 1952 ab
1455 1887 1517 1950 hac
1542 1886 1678 1968 protasi:
1708 1884 1864 1951 sinemo
1889 1884 1983 1951 sciat.

172 1991 259 2059 Illud
290 1993 377 2057 enim
408 2001 471 2059 est:
506 2013 560 2058 om
594 1996 691 2077 ingen
714 1994 820 2060 skulle
844 1993 876 2060 lb
899 2001 973 2060 veta
996 1995 1059 2070 det,
1084 2001 1191 2077 antag,
1216 2001 1262 2059 att
1285 1997 1383 2077 ingen
1407 1993 1455 2060 fir
1477 1993 1639 2074 (kommer
1662 1991 1720 2079 att)
1737 1999 1812 2058 veta
1827 1993 1895 2071 det;
1921 1994 1984 2058 hoe

172 2106 300 2165 autem:
326 2120 379 2165 om
403 2102 501 2184 ingen
524 2101 629 2167 skulle
653 2109 735 2178 veta,
762 2103 805 2166 ha
825 2104 905 2166 reda
928 2100 970 2186 pt
993 2103 1056 2179 det,
1081 2109 1187 2183 antag‚
1210 2108 1257 2166 att
1280 2104 1376 2184 ingen
1401 2109 1455 2167 vet
1478 2102 1541 2166 det.

337 2224 526 2308 Subjectiva
549 2225 647 2292 futuri
671 2225 908 2308 significatione
931 2225 1098 2309 praeditus
1121 2233 1172 2290 θεῖ
1194 2227 1280 2309 conj.
1305 2245 1410 2309 praes.
1435 2227 1491 2291 fut.
1515 2225 1667 2308 periphr.:

337 2330 395 2397 Oll.
421 2332 432 2395 l
455 2331 478 2419 ξ
501 2332 554 2398 57;
579 2332 644 2398 Sed
668 2352 783 2398 omnes
808 2335 953 2398 omnium
978 2335 1130 2398 caritates
1154 2335 1259 2415 patria
1282 2353 1348 2399 una
1365 2333 1537 2416 complexa
1553 2338 1611 2408 est,
1630 2350 1689 2414 pro
1706 2349 1771 2414 qua
1788 2331 1861 2414 quis
1878 2331 1985 2396 bonus

171 2437 301 2503 dubitet
324 2446 461 2503 mortem
486 2448 650 2524 oppetere,
676 2443 704 2505 si
728 2443 757 2506 ei
782 2439 827 2506 sit
846 2437 1077 2528 profuturus?

337 2561 385 2627 Sit
409 2564 600 2646 profuturus
624 2586 655 2631 o:
681 2567 763 2630 sciat
788 2567 807 2630 l.
833 2583 966 2648 sperare
989 2566 1132 2647 potuerit
1155 2585 1191 2629 se
1215 2565 1430 2648 profuturum.

336 2687 399 2752 Αῖῖ.
425 2690 464 2766 X,
491 2692 518 2766 1,
544 2690 577 2755 3:
604 2692 661 2757 sed
684 2698 795 2757 tamen
817 2691 959 2756 hominis
983 2692 1045 2755 hoc
1070 2691 1176 2772 ipsum
1201 2690 1295 2772 probi
1321 2697 1370 2755 est
1391 2691 1410 2775 y
1435 2708 1588 2772 magnum
1604 2690 1647 2753 sit
1663 2696 1721 2752 τῶν
1743 2692 1986 2753 πολιτικωτάτων

172 2800 367 2883 σκεμμάτων,
400 2797 642 2862 veniendumne
676 2799 717 2861 sit
749 2798 782 2860 in
816 2797 990 2863 consilium
1023 2797 1163 2879 tyranni,
1187 2797 1215 2860 si
1239 2798 1267 2860 is
1291 2797 1402 2879 aliqua
1426 2797 1465 2861 de
1490 2815 1526 2860 re
1551 2797 1639 2861 bona
1663 2792 1923 2862 deliberaturus
1944 2795 1988 2862 sit

174 2933 222 2958 ε
250 2904 434 2970 deliberare
458 2903 557 2990 velit).

337 3029 447 3095 Verba
479 3029 534 3092 illa
567 3035 721 3110 corrupta
752 3029 956 3110 Wesenberg
979 3029 1024 3092 ita
1047 3027 1240 3109 corrigenda
1265 3045 1337 3092 esse
1362 3027 1560 3109 suspicatur:
1586 3027 1680 3109 probi
1705 3035 1809 3093 estet
1833 3048 1986 3110 magnum

171 3159 204 3198 τι
228 3140 287 3198 τῶν
309 3159 336 3197 κ.
361 3157 386 3196 τ.
411 3137 437 3196 λ.
485 3134 620 3198 Boetius
644 3141 752 3197 autem
777 3136 877 3199 verba
900 3137 947 3199 sic
971 3141 1064 3218 putat
1086 3134 1287 3216 retingenda:
1313 3134 1371 3199 sed
1395 3141 1504 3199 mmen
1528 3135 1671 3199 hominis
1689 3135 1751 3201 hoo
1771 3137 1877 3218 ipsum
1893 3137 1986 3219 probi

172 3249 228 3308 est
250 3249 282 3305 et
304 3242 422 3322 magni.
472 3240 578 3306 Unum
603 3247 652 3305 est
675 3248 732 3305 τῶν
756 3267 783 3304 κ.
807 3265 831 3303 τ.
857 3246 883 3305 λ.
932 3242 1046 3307 Utrum
1071 3242 1187 3307 melius
1210 3247 1266 3306 aut
1290 3240 1368 3324 quid
1392 3241 1433 3305 sit
1456 3242 1675 3318 statuendum,
1711 3243 1865 3307 nimirum
1889 3244 1986 3307 uelde

173 3350 348 3413 incertum.

338 3452 575 3534 Conjunotivus
598 3451 793 3540 imperfecti
814 3453 869 3518 fut.
895 3457 1035 3538 periphr.
1060 3458 1092 3521 in
1117 3458 1240 3539 protasi
1263 3458 1432 3539 potentiali
1456 3458 1571 3540 legitur

338 3560 402 3624 Mil.
427 3559 450 3645 ξ
474 3560 531 3624 68;
566 3578 651 3642 quae
675 3562 702 3624 si
727 3579 794 3625 non
817 3562 979 3642 probaret,
1004 3565 1032 3627 si
1056 3564 1113 3629 tibi
1137 3565 1183 3627 ita
1206 3565 1336 3647 penitus
1361 3565 1555 3630 inhaesisset
1578 3567 1639 3628 ista
1663 3564 1810 3646 suspitio,
1837 3563 1927 3627 nullo
1952 3570 1987 3626 ut

175 3667 273 3732 evelli
307 3668 405 3731 modo
430 3674 550 3749 posset,
585 3668 612 3730 si
638 3667 779 3749 denique
811 3668 903 3733 ltalia
937 3689 956 3734 a
989 3671 1119 3748 dilectu,
1150 3671 1228 3736 urbs
1252 3673 1294 3737 ab
1318 3674 1417 3737 armis
1441 3673 1511 3736 sine
1536 3670 1665 3735 Milonis
1690 3671 1783 3736 clade
1807 3689 1987 3752 numquam

177 3776 270 3837 esset
292 3770 529 3858 conqur'eturu,
556 3791 597 3837 ne
622 3772 675 3837 ille
699 3774 787 3837 baud
811 3775 964 3839 dubitans
988 3779 1143 3841 cessisset
1165 3779 1279 3859 patria.

339 3879 496 3945 Probaret
520 3910 560 3932 =
585 3880 724 3962 probare
748 3889 875 3963 posset3
900 3886 987 3947 esset
1010 3882 1237 3969 conquieturu
1260 3886 1403 3967 positum
1420 3891 1469 3949 est
1485 3884 1525 3949 de
1542 3902 1592 3960 eo,
1610 3883 1708 3968 quod,
1728 3890 1762 3947 ut
1778 3882 1842 3961 fiat,
1859 3884 1986 3947 ratione

176 3985 289 4069 aliqua
311 3987 524 4051 constitutum
549 3993 606 4050 est.
655 3986 746 4067 Quae
771 3987 903 4070 quidem
927 3991 1009 4054 ratio
1034 3991 1064 4054 h.
1090 3991 1110 4055 l.
1135 3992 1273 4073 suspitio
1297 3991 1444 4073 Pompeii
1468 3998 1526 4055 est.

338 4094 374 4158 ln
407 4093 595 4158 huiusmodi
628 4094 771 4175 periodis
806 4096 1024 4178 hypotheticis
1058 4095 1300 4184 imperfectum
1323 4098 1410 4179 conj.
1435 4098 1467 4161 in
1492 4106 1630 4180 utraque
1654 4098 1816 4162 sententia
1839 4097 1988 4161 adhiberi

177 4200 271 4276 solet,
306 4200 663 4283 plusquamperfectum
687 4202 773 4283 conj.
800 4221 875 4267 raro
898 4209 931 4268 et
954 4205 987 4267 in
1011 4206 1134 4287 protasi
1159 4204 1230 4269 sola
1254 4204 1330 4290 (Cir.
1355 4205 1490 4268 Kiihner
1512 4202 1535 4290 ξ
1558 4206 1632 4280 214,
1657 4206 1701 4286 t).
1749 4205 1854 4269 Huius
1877 4211 1987 4269 autem

178 4305 345 4392 epodosis
370 4308 625 4391 plusquamperl.
645 4309 695 4372 ⁴ita
719 4309 875 4390 explicari
899 4329 997 4392 posse
1022 4312 1157 4387 videtur,
1183 4319 1218 4376 ut
1235 4313 1332 4376 etiam
1348 4311 1504 4393 apodosis
1521 4313 1716 4393 sumptionis
1732 4313 1779 4376 rei
1796 4330 1864 4375 non
1881 4310 1987 4376 factae

178 4415 348 4480 habeatur.
396 4413 583 4481 Cohaerent
606 4417 693 4480 anim
718 4434 757 4480 ea
782 4417 891 4495 verba,
925 4436 1010 4500 quac
1033 4419 1255 4501 ascripsimus,
1281 4438 1355 4484 cum
1380 4419 1558 4501 prioribus:
1595 4419 1683 4501 quod
1707 4420 1734 4482 si
1759 4419 1854 4482 locus
1876 4417 1987 4482 Miloni

179 4524 275 4588 datus
309 4530 404 4600 esset,
439 4524 612 4607 probasset
639 4523 786 4606 profecto
822 4526 880 4590 tibi
913 4527 975 4608 ipsi
1007 4533 1067 4591 ete.
1117 4527 1207 4605 Quae
1240 4527 1325 4590 duae
1354 4526 1479 4607 periodi
1503 4527 1548 4589 ita
1571 4525 1822 4607 conjungendae
1844 4532 1935 4588 sunt:
1961 4525 1987 4587 si

178 4629 273 4695 locus
297 4630 392 4695 datus
416 4638 513 4708 esset,
538 4637 594 4695 aut
617 4631 790 4714 probasset
813 4638 878 4708 eut,
904 4633 931 4694 si
956 4652 1022 4696 nou
1046 4631 1197 4714 probaret
1224 4670 1265 4681 -
1284 4669 1325 4679 -
1344 4669 1386 4678 -
1407 4669 1456 4708 -,
1482 4633 1644 4696 cessisset.

237 4803 241 4807 ’
340 4817 450 4884 Genus
473 4819 702 4885 condicionale
727 4819 777 4883 vel
801 4820 927 4884 irreale.

339 4927 443 4990 Etiam
468 4928 500 4991 in
526 4929 564 4990 iis
587 4927 731 5009 periodis
755 4927 974 5010 hypotheticis
999 4944 1082 5009 quae
1107 4926 1147 4990 ad
1173 4927 1236 4990 hoc
1260 4943 1362 5006 genus
1387 4926 1558 5007 pertinent,
1583 4927 1652 4989 sive
1676 4926 1724 4999 iis,
1755 4944 1891 5009 quarum
1918 4945 1988 5007 pro·

179 5033 241 5096 tasi
274 5033 397 5116 aliquid
430 5036 569 5098 sumitur
600 5053 708 5099 rerum
742 5035 869 5098 veritati
902 5034 1112 5109 contrarium,
1146 5033 1377 5115 conjunctivus
1410 5032 1508 5096 loturi
1537 5032 1677 5114 periphr.
1703 5033 1930 5097 tantummodo
1955 5034 1988 5096 in

180 5142 302 5222 protasi
325 5148 501 5223 usurpatus
525 5148 575 5205 est
598 5148 630 5204 θῖ
653 5160 731 5207 vero
755 5142 840 5223 conj.
860 5140 1041 5221 imperfecti
1058 5139 1113 5204 lut
1132 5141 1272 5223 periphr.
1292 5140 1475 5222 quinquies
1494 5141 1580 5221 conj.
1593 5137 1849 5222 plusquamperf.
1875 5140 1986 5203 semel.

340 5247 496 5329 Exempla
520 5248 606 5328 conj.
633 5246 770 5334 imperf.
797 5249 852 5311 lut.
879 5247 1019 5328 periphr.
1045 5248 1078 5310 in
1103 5248 1224 5328 protasi
1249 5247 1331 5310 haec
1356 5252 1445 5310 sunt:

1884 5388 1901 5439 5
1948 5411 1950 5415 .
