4274 5790
1918 286 1961 351 35

359 465 421 531 nit.
446 466 486 543 X,
520 469 550 542 8,
576 467 610 530 2;
644 467 819 530 consilium
843 467 928 531 istud
953 473 1019 531 turn
1045 473 1131 533 esset
1153 466 1306 549 prudens
1333 473 1368 530 ut
1392 467 1469 530 mihi
1495 466 1630 542 videtur,
1656 466 1684 529 si
1707 472 1836 530 nostras
1860 467 2005 530 rationes

186 571 239 639 ad
267 572 521 656 Hispaniensem
546 592 659 638 casum
683 570 985 640 accommodatiori
1007 592 1179 657 caseatos·
1202 573 1291 658 quod
1315 572 1385 638 lieri
1408 571 1460 638 ’¹‘*.

357 714 393 780 lu
425 715 500 781 loco
535 714 649 780 mutilo
682 715 865 798 supplendo
897 716 956 781 viri
989 718 1077 783 docti
1100 719 1185 782 iuter
1207 737 1243 783 se
1267 717 1468 801 discrepant:
1504 718 1617 800 nequit
1640 713 1756 801 (Koch,
1782 717 1914 796 Baiter),
1939 734 2006 780 non

184 826 305 906 potest
328 819 518 909 (Wesenb.)
544 840 610 886 uon
635 822 740 901 debet,
775 841 842 887 non
865 830 993 906 oportet
1016 822 1096 912 (ld.)
1145 826 1325 908 Utrumque
1349 825 1613 908 supplementum
1636 825 1771 907 (nequit,
1805 842 1872 888 uon
1896 829 2005 905 potest

185 934 241 997 et:
275 946 344 994 non
376 927 482 1006 debet,
508 947 574 993 nou
598 932 739 1011 oportet)
764 929 829 994 loci
853 933 1015 997 sententia
1038 933 1208 1001 admittere
1232 933 1368 997 videtur.
1416 929 1617 1013 Significatio
1640 938 1749 1007 autem
1774 930 1898 996 formae
1923 931 2005 1012 peri-

186 1035 383 1123 pbnsticae
406 1036 496 1102 nulla
519 1035 584 1101 alia
607 1055 680 1101 esse
704 1042 812 1119 potest
834 1057 933 1120 quam
959 1057 1006 1115 ca,
1033 1058 1098 1123 qua
1122 1041 1199 1124 quid
1224 1040 1293 1106 lieri
1309 1045 1467 1122 oporteat,
1486 1044 1745 1104 cousentaneum
1762 1039 1802 1102 sit
1820 1038 2003 1103 denotetur.

186 1138 236 1213 ,fl
251 1144 535 1209 accommodaturi
559 1161 707 1208 essemus
731 1163 763 1209 a:
788 1145 816 1208 si
840 1152 1099 1211 cousentaneum
1122 1154 1218 1224 esset,
1242 1148 1271 1211 si
1295 1153 1460 1230 oporteret
1484 1166 1545 1211 nos
1566 1153 1696 1210 nostras
1715 1147 1859 1211 rationes
1876 1164 2004 1210 accom-

200 1248 333 1319 ndare
365 1252 466 1315 ad-
483 1287 533 1325 --·,
567 1251 620 1315 cui
652 1253 831 1335 sumptioni
855 1254 1020 1318 contraria
1043 1260 1091 1318 est
1116 1254 1198 1320 haec
1222 1254 1409 1320 affirmatio:
1435 1259 1469 1318 at
1491 1272 1559 1318 uon
1581 1272 1696 1317 sumus
1720 1253 2002 1319 accommodaturi

194 1370 232 1425 οε
249 1374 323 1423 uon
345 1364 482 1440 oportet,
507 1377 573 1423 nou
598 1364 858 1424 cousentaneum
881 1367 940 1436 est,
965 1380 1027 1427 nos
1050 1362 1312 1427 accommodare.

358 1509 529 1576 Postremo
553 1510 685 1577 afferam

356 1633 416 1702 off.
441 1636 462 1714 I,
487 1640 507 1719 ἓ
531 1589 587 1715 ib:
612 1637 691 1701 mihi
715 1637 847 1720 quidem
871 1635 929 1702 Cn.
955 1638 1131 1721 Pompeius
1155 1641 1218 1705 hoc
1241 1639 1362 1716 tribuit,
1387 1645 1422 1704 ut
1444 1639 1577 1713 diceret,
1603 1636 1721 1701 lrustra
1744 1656 1780 1701 sc
1804 1637 2003 1719 triumphum

87 1800 91 1805 .
185 1743 327 1809 tertium
342 1743 588 1826 deportaturum
604 1744 714 1821 fuisse,
731 1745 793 1808 uisi
810 1764 885 1809 meo
900 1745 935 1809 in
950 1764 1019 1811 rem
1036 1747 1201 1829 publicam
1218 1745 1379 1812 beneficio
1395 1745 1452 1809 ubi
1468 1745 1682 1827 triumpharet
1701 1747 1790 1808 essct
1802 1739 2003 1826 habiturus,

357 1850 413 1916 ubi
435 1853 521 1934 conj.
546 1851 635 1935 impl.
660 1849 717 1915 fut.
742 1851 885 1934 periphr.
908 1853 943 1917 in
965 1855 1090 1935 protasi
1113 1875 1190 1932 non,
1215 1856 1308 1919 utin
1332 1853 1495 1936 prioribus
1514 1852 1683 1934 exemplis
1708 1851 1750 1916 ad
1774 1869 1931 1933 praeseus
1948 1850 1999 1915 vel

98 1942 105 1951 ¹*
188 1955 351 2036 murum,
375 1960 434 2023 sed
458 1959 499 2023 ad
522 1958 732 2042 praeteritum
757 1964 884 2041 spectat
906 1965 1045 2042 tempus.

356 2083 501 2149 Primum
533 2085 621 2150 enim
654 2085 758 2149 oratio
792 2083 926 2168 obliqua
959 2086 1056 2150 huius
1088 2086 1229 2168 exempli
1259 2087 1292 2151 iu
1316 2087 1498 2151 orationem
1522 2090 1645 2148 rectam
1669 2083 1794 2148 mutata
1817 2084 1881 2147 hoc
1906 2083 2004 2148 modo

100 2174 116 2221 ¹·
189 2209 233 2258 se
265 2191 377 2257 babet:
411 2191 531 2257 frustra
560 2190 761 2274 triumphum
794 2192 923 2255 tertium
947 2192 1189 2274 (deportaturus
1212 2211 1312 2270 eram,
1337 2191 1394 2278 lui)
1418 2192 1686 2275 deportavissem,
1712 2191 1775 2255 nisi
1799 2197 1855 2255 tuo
1880 2191 2004 2255 iurem

126 2372 147 2393 Ι,
188 2297 363 2382 publicam
394 2298 556 2364 beneficio
588 2299 644 2364 ubi
677 2298 912 2380 triumpharem
944 2318 1049 2363 essem
1080 2300 1260 2365 habiturus.
1317 2300 1442 2365 Deinde
1475 2301 1551 2364 huic
1575 2298 1712 2381 protasi:
1743 2298 1806 2361 nisi
1830 2335 1870 2345 --
1896 2316 2003 2362 essem

189 2403 367 2471 habiturus
390 2408 554 2472 contraria
577 2413 626 2472 est
650 2407 732 2472 haec
755 2405 943 2471 affirmatio:
968 2412 1002 2470 at
1025 2426 1114 2472 eram
1138 2407 1317 2473 habiturus.
1352 2407 1452 2473 Verto
1476 2408 1571 2490 igitur
1587 2412 1733 2471 nostram
1751 2407 1922 2487 protasim:
1950 2425 2004 2470 om

107 2498 114 2557 ’Ᾰ
190 2511 263 2579 ban
293 2511 367 2578 iclre
399 2513 506 2578 skolat
538 2514 644 2590 balva,
678 2515 762 2578 varit
794 2513 934 2579 besliird
967 2519 1013 2577 att
1043 2513 1140 2578 hasra
1172 2534 1204 2580 o:
1242 2515 1305 2578 nisi
1328 2514 1391 2579 sibi
1414 2515 1525 2580 datum
1550 2520 1646 2590 esset,
1671 2519 1706 2577 ut
1731 2513 1879 2591 liaberet3
1905 2518 2004 2594 atque

191 2619 305 2685 minus
336 2627 425 2685 recte
458 2620 557 2685 credo
590 2621 678 2686 hunc
710 2622 819 2686 locum
851 2623 886 2685 in
918 2623 1130 2702 grammatica
1154 2621 1443 2687 Lattm-Miilleri
1467 2622 1609 2698 tractari,
1634 2621 1690 2686 ubi
1714 2618 1747 2706 (ξ
1773 2620 1845 2697 179,
1871 2621 1946 2685 adu.
1971 2621 2004 2700 3)

191 2730 288 2793 essct
308 2722 493 2794 habituras
516 2728 635 2793 dicitur
657 2730 743 2794 idem
768 2748 841 2794 esse
865 2735 964 2812 atque
988 2724 1133 2793 baberet
1156 2726 1206 2815 (=
1232 2729 1422 2813 habuisset).

357 2887 449 2972 Couj.
471 2886 810 2979 plusquamperfect
832 2890 888 2956 lut.
913 2886 1078 2974 periphr.

356 2997 426 3061 Hoc
449 3002 578 3080 tempus
602 2999 703 3063 semel
727 3000 760 3062 in
784 3000 907 3081 protasi
930 2998 1047 3080 legitur

356 3103 421 3168 blil.
446 3105 503 3168 48:
530 3107 671 3170 occurrit
694 3105 787 3169 illud:
812 3106 972 3186 igiturne
997 3104 1132 3171 Clodius
1156 3106 1287 3189 quidem
1312 3106 1352 3169 de
1377 3105 1502 3168 insidiis
1526 3103 1688 3184 cogitavit,
1715 3104 1871 3186 quoniam
1896 3101 1956 3166 luit
1970 3103 2004 3166 iu

193 3208 326 3279 Albano
351 3230 535 3277 mansurus.
584 3212 618 3278 Si
642 3212 773 3295 quidem
798 3210 957 3277 caniturus
980 3213 1021 3277 ad
1046 3214 1181 3277 caedem
1206 3232 1223 3278 e
1247 3213 1324 3277 villa
1347 3232 1414 3277 non
1425 3210 1568 3301 suisset.

356 3335 417 3403 Cui
440 3337 627 3402 condicioni
651 3337 849 3420 opponenda
872 3344 921 3402 est
944 3337 1026 3402 haec
1050 3337 1236 3403 affirmatio:
1262 3344 1296 3402 at
1319 3338 1464 3402 exiturus
1487 3336 1556 3414 fuit,
1581 3337 1670 3400 exire
1693 3336 1728 3400 in
1751 3337 1861 3400 auimo
1879 3335 2001 3399 habuit.

357 3444 462 3508 Etiam
486 3445 519 3508 in
543 3445 680 3527 apodosi
705 3464 771 3509 uuo
794 3444 869 3508 loco
893 3442 990 3508 nobis
1014 3446 1156 3509 occurrit
1179 3446 1265 3528 conj.
1290 3444 1509 3528 plusquampl.
1535 3444 1590 3508 lut.
1616 3443 1758 3526 periphr.

357 3551 422 3634 Lig.
456 3571 502 3617 or.
536 3550 559 3638 ξ
592 3552 648 3617 23;
682 3553 803 3633 recepti
839 3553 873 3616 in
905 3552 1108 3633 provinciam
1133 3572 1199 3617 uon
1223 3571 1346 3617 sumus.
1394 3551 1488 3632 Quid,
1513 3553 1540 3617 si
1564 3551 1704 3616 essetis?
1729 3549 1905 3615 Caesarine
1930 3568 2003 3614 eam

193 3655 363 3724 tradituri
372 3656 537 3746 fuissetis
561 3679 603 3724 an
627 3665 742 3723 contra
765 3657 940 3724 Caesarem
964 3657 1157 3725 retenturi?

356 3783 410 3850 Sic
434 3785 581 3849 Klotzius
604 3784 736 3848 codices
752 3803 867 3849 omnes
883 3785 1036 3850 meliores
1053 3791 1199 3863 secutus;
1226 3781 1392 3851 tradituri
1401 3781 1527 3872 fuistis
1543 3803 1562 3849 a
1580 3781 1634 3870 (=
1653 3784 1725 3849 cod.
1744 3781 2004 3868 Ambrosianus),

194 3891 383 3968 Lambinus,
417 3892 606 3973 Madvigius,
643 3892 790 3955 Baiterus
823 3892 856 3954 in
888 3890 941 3956 Or.
976 3891 1012 3966 ll,
1047 3892 1221 3975 Kayserus,
1256 3892 1441 3957 Muellerus.
1499 3891 1577 3956 Sine
1605 3891 1704 3955 dubio
1729 3891 1826 3955 lectio
1850 3890 2003 3955 codicum

195 3998 368 4064 meliorum
391 3999 421 4063 h.
445 3999 464 4062 l.
490 4007 540 4063 est
563 3997 757 4080 abjicienda,
783 4003 895 4079 utpote
919 4017 1004 4079 quae
1029 4005 1126 4064 notae
1150 4001 1312 4065 sermonis
1336 4000 1398 4080 legi
1422 4005 1580 4082 repugnet
1603 4017 1710 4080 neque
1733 3997 1800 4062 ullo
1822 3997 1920 4061 modo
1938 3997 2003 4062 loci

194 4106 358 4171 sententia
389 4106 646 4171 commendetur.
704 4105 785 4167 Nam
819 4105 1029 4185 significaret:
1062 4109 1128 4187 (om
1162 4106 1174 4170 l
1207 4106 1311 4171 blilvit
1336 4105 1520 4192 upptagne),
1545 4096 1711 4170 skulleu'l
1735 4103 1777 4170 dt
1800 4103 1898 4169 balva
1922 4107 2004 4169 varit

195 4212 349 4279 betiinkte
381 4212 432 4297 pb,
467 4214 616 4279 beslulne
649 4218 695 4276 alt
729 4211 938 4289 diverlemna,
973 4231 1058 4297 quae
1091 4212 1284 4294 significatio
1318 4213 1359 4276 ab
1393 4213 1556 4277 sententia
1579 4212 1643 4277 loci
1668 4212 1830 4288 abhorret,
1856 4212 1912 4275 ubi
1937 4230 2004 4276 nou

195 4321 371 4403 quaeritur,
396 4322 473 4404 quid
496 4321 691 4385 condicione
715 4320 762 4383 rei
787 4338 853 4382 non
877 4319 981 4384 iactae
1005 4319 1180 4384 consilium
1204 4319 1343 4384 alicuius
1365 4320 1510 4384 futurum
1534 4318 1639 4396 fuerit,
1665 4320 1722 4384 sed
1747 4320 1825 4403 quid
1850 4321 1923 4402 quis
1941 4318 2003 4383 lac·

194 4436 287 4493 turus
310 4427 415 4493 luerit.
463 4427 525 4493 Cir.
551 4426 573 4513 ξ
597 4428 653 4491 24;
679 4445 815 4507 quaero:
841 4427 919 4507 quid
943 4425 1059 4491 facturi
1073 4424 1224 4511 scistis?
1248 4446 1447 4509 quamquam
1465 4428 1542 4511 quid
1563 4427 1679 4491 facturi
1700 4426 1823 4491 lueritis
1849 4427 2003 4503 dubitem,

194 4554 296 4620 quum
315 4536 442 4601 videam
467 4535 543 4617 quid
568 4535 719 4599 feceritis.
767 4532 873 4598 Credo
897 4535 1002 4615 igitur,
1031 4534 1210 4599 »fuissetisn
1232 4554 1272 4599 ex
1290 4553 1367 4599 vera
1383 4541 1415 4600 et
1430 4535 1602 4617 principali
1619 4534 1724 4599 forma
1745 4534 1887 4598 aluistis»
1909 4534 2003 4599 libra·

193 4643 317 4708 riorum
350 4642 447 4724 culpa
479 4642 678 4706 inculcatum
707 4659 788 4705 esse.
838 4640 909 4707 Alia
932 4648 982 4708 est
1005 4643 1087 4709 ratio
1110 4643 1243 4711 alterius
1267 4642 1352 4727 conj.
1379 4641 1597 4731 plusquampl.
1623 4642 1678 4707 lut.
1704 4631 1853 4732 periphr.¹
1870 4642 1904 4705 in
1928 4661 2004 4733 apo·

194 4749 268 4816 dosi
291 4751 493 4816 concessiva.
515 4754 537 4828 ¹)

192 5251 405 5261 Μ.-

357 5302 376 5375 ¹)
397 5302 463 5358 Vide
484 5319 542 5373 pag.
563 5304 604 5358 39.
