4274 5790
211 254 253 317 4⁶2

167 451 267 495 unum
292 432 373 496 locis
398 432 560 513 objectiva
584 431 639 497 lut.
665 434 821 516 temporis
845 434 950 497 visin
975 433 1083 500 iuturo
1107 434 1247 517 periphr.
1273 436 1366 499 inest.
1414 433 1618 516 objectivum
1643 436 1730 500 onim
1755 434 1898 500 loturum
1925 434 1980 497 his

166 539 257 603 locis'
272 539 367 603 nobis
392 541 547 604 occurrit:

325 646 393 711 Fat.
421 645 524 733 532:
558 648 585 711 si
619 666 716 712 omne
748 646 891 712 futurum
925 667 963 713 ex
989 649 1178 714 aeternitate
1202 667 1315 713 verum
1339 655 1397 725 est,
1424 655 1458 713 nt
1480 649 1525 713 ita
1548 655 1636 713 certe
1659 649 1797 724 eveniat,
1823 647 1980 731 quemad·

166 754 298 818 modum
323 752 367 818 sit
386 750 558 834 futurum,
585 756 696 819 omnia
719 774 855 820 necesse
880 763 929 820 εει
951 755 1171 838 conligatione
1196 755 1335 820 naturali
1359 763 1510 821 conserte
1534 762 1751 838 contexteque
1776 755 1854 818 lieri.

325 859 417 940 Couj.
452 880 510 943 per
542 862 631 925 modi
663 864 890 926 attractionem
923 863 1049 944 positus
1082 869 1180 946 atque
1213 860 1373 927 »loturum
1407 863 1467 928 sit»
1498 864 1531 927 iu
1555 864 1703 928 oratione
1727 881 1794 926 non
1817 861 1977 944 pendenti

166 969 296 1032 indicat.
321 986 426 1050 praes.
451 968 507 1033 lut.
534 968 675 1051 periphr.
701 969 886 1051 respondet.

324 1075 531 1151 Particulam,
558 1095 642 1159 quae
666 1083 714 1140 est
739 1096 857 1161 quum,
882 1077 968 1157 conj.
994 1094 1099 1158 praes.
1125 1076 1182 1141 lut.
1207 1076 1348 1159 periphr.
1374 1076 1503 1141 duobus
1527 1077 1608 1141 locis
1632 1077 1795 1159 sequitur:

323 1181 465 1247 Marcell.
491 1201 537 1247 or.
562 1181 584 1268 ξ
608 1183 642 1247 3;
668 1189 718 1247 εει
741 1202 820 1248 vero
844 1183 1028 1248 fortunatus
1052 1183 1115 1259 ille,
1140 1184 1234 1247 cuius
1257 1202 1296 1248 ex
1321 1182 1425 1247 salute
1450 1203 1516 1248 non
1541 1184 1648 1249 minor
1664 1203 1768 1267 paene
1785 1182 1826 1247 ad
1845 1199 1976 1253 omnes,

165 1307 264 1371 quam
289 1289 330 1353 ad
355 1290 462 1371 ipsum
488 1294 634 1354 uenturo
658 1287 709 1367 sit,
735 1290 857 1354 laetitia
881 1291 1073 1372 pervenerit.

326 1394 379 1461 Or.
414 1395 495 1460 Phil.
530 1396 587 1461 Vll
619 1394 642 1481 ξ
677 1397 731 1460 17:
766 1395 989 1462 Gracchorum
1014 1397 1195 1479 potentiam
1219 1397 1377 1479 majorem
1401 1396 1501 1462 luisse
1525 1397 1728 1462 arbitramini
1752 1416 1850 1481 quam
1875 1396 1978 1460 huius

165 1501 352 1583 gladiatoris
364 1500 499 1590 sutura
522 1501 590 1568 sit?

325 1609 469 1693 Utroque
493 1611 557 1675 hoc
581 1610 656 1675 loco
680 1611 765 1692 conj.
791 1611 931 1692 periphr.
958 1613 990 1674 in
1015 1612 1162 1676 oratione
1187 1610 1289 1675 libera
1312 1611 1488 1676 indicativo
1508 1609 1705 1696 praesentis
1716 1609 1790 1698 fot.
1811 1607 1977 1695 periphr.

163 1717 363 1797 respondere
387 1724 493 1799 potest
517 1723 553 1782 ut
576 1720 747 1800 oppositus
771 1718 953 1800 praeteritis
977 1718 1055 1781 illis:
1081 1717 1273 1799 pervenerit,
1299 1717 1409 1783 inisse.

322 1822 351 1887 Α
374 1824 537 1889 vocabulo
558 1828 730 1909 quantum
754 1825 866 1906 incipit
890 1843 941 1889 en.
967 1823 1192 1906 comparativa

322 1930 413 1996 Verr.
439 1940 501 1996 act.
526 1931 538 1995 Ι
561 1930 584 2016 ξ
607 1932 665 1995 41:
690 1950 787 2007 nunc,
813 1932 900 2015 quod
924 1933 995 1996 eius
1019 1931 1107 1995 modi
1127 1930 1253 2011 judicia
1276 1931 1350 2006 sint,
1375 1937 1501 1995 tantum
1525 1951 1626 1996 unum
1651 1950 1815 2016 quemque
1832 1932 1975 2008 auferre,

164 2042 322 2119 quantum
346 2038 417 2113 sibi,
443 2039 599 2119 patronis,
625 2038 803 2114 advocatis,
829 2039 980 2121 praetori,
1003 2036 1171 2121 judicibus
1194 2038 1274 2101 satis
1285 2034 1457 2124 saturum
1482 2036 1534 2103 sit.

322 2143 358 2208 ln
391 2145 539 2209 oratione
571 2144 705 2229 obliqua
727 2164 747 2209 a
771 2145 881 2221 verbo,
907 2146 995 2229 quod
1019 2152 1069 2211 est
1087 2148 1224 2230 putant,
1249 2144 1411 2227 pendente
1436 2145 1517 2210 haec
1542 2163 1593 2209 en.
1618 2147 1840 2228 comparativa
1864 2149 1977 2229 posita

163 2257 221 2315 est.
269 2249 333 2315 Sed
357 2252 455 2316 etiam
480 2253 513 2315 in
537 2253 685 2316 oratione
709 2252 812 2318 libera
836 2252 917 2317 haec
942 2252 1104 2317 sententia
1128 2253 1338 2335 conjunctivo
1362 2254 1461 2317 modo
1485 2253 1531 2317 uti
1556 2251 1661 2330 debet,
1679 2255 1834 2337 quoniam
1851 2271 1890 2318 ea
1907 2272 1975 2332 reS,

163 2376 262 2441 quam
294 2358 441 2423 continet
472 2365 554 2424 sent.
588 2361 818 2442 comparativa,
852 2378 870 2425 ε
904 2367 1013 2425 mente
1042 2367 1074 2425 et
1097 2360 1294 2442 cogitatione
1318 2360 1398 2436 eiuS,
1423 2359 1463 2423 de
1489 2378 1554 2443 quo
1578 2360 1786 2441 praedicatur
1808 2363 1976 2426 sententia

163 2466 326 2547 primaria,
342 2465 492 2530 effertur.
539 2466 622 2530 Nam
646 2467 680 2530 in
703 2485 753 2532 ex.
778 2467 879 2532 allato
903 2473 1011 2550 potest
1034 2474 1115 2532 sent.
1141 2466 1379 2548 comparativa:
1404 2471 1576 2550 quantum
1593 2502 1635 2513 -
1650 2463 1911 2554 satisfacturum
1930 2466 1979 2534 sit

163 2572 225 2637 boc
259 2572 357 2637 modo
381 2573 620 2638 circumscribi:
655 2580 813 2657 quantum
841 2612 876 2621 -
903 2575 982 2638 satis
1007 2573 1149 2638 futurum
1174 2593 1247 2638 esse
1271 2572 1452 2638 arbitretur.
1501 2571 1565 2637 Cir.
1590 2574 1690 2638 verba
1713 2576 1860 2657 proxime
1884 2581 1976 2640 ante·

162 2680 326 2744 cedentia:
360 2681 388 2743 si
420 2681 506 2744 enim
536 2680 661 2763 judicia
686 2681 776 2745 nulla
800 2683 873 2757 sint,
898 2687 1024 2745 tantum
1050 2701 1150 2745 unum
1175 2699 1339 2764 quemque
1362 2680 1548 2746 ablaturum
1571 2686 1696 2762 putant,
1726 2688 1885 2764 quantum
1908 2682 1976 2747 sibi

162 2805 200 2852 ac
225 2786 335 2852 liberis
358 2788 427 2851 suis
450 2788 529 2851 satis
553 2805 626 2852 esse
649 2788 831 2853 arbitretur.

321 2895 350 2960 Α
373 2895 536 2961 vocabulo
560 2892 678 2980 qualis
702 2895 838 2960 infertur
860 2902 942 2960 sent.
967 2895 1203 2977 comparativa:

322 3002 374 3069 Or.
409 3003 491 3067 Phil.
526 3003 607 3078 Xlll,
642 3002 664 3089 ξ
699 3003 753 3068 1οε
788 3003 998 3067 existimesne
1031 3003 1136 3084 igitur,
1169 3000 1209 3065 M.
1236 3002 1365 3084 Lepide,
1392 3000 1523 3085 qualern
1546 3001 1738 3083 Pompeium
1763 3002 1968 3085 respublica

162 3106 327 3176 habituro
352 3108 397 3174 sit
418 3111 532 3185 civem,
559 3109 640 3174 tales
664 3109 790 3174 futuros
813 3112 847 3174 in
870 3129 905 3175 re
929 3109 1061 3193 publica
1084 3108 1267 3173 Antonios?

321 3216 510 3300 Subjcctiva
533 3216 588 3280 illa
613 3215 710 3280 futuri
733 3218 774 3293 vi,
800 3236 865 3300 qua
889 3217 966 3299 quid
991 3222 1026 3280 ut
1050 3215 1105 3280 liat
1128 3217 1340 3281 constitutum
1357 3234 1430 3282 esse
1447 3215 1617 3290 indicetur,
1635 3214 1801 3297 praeditus
1816 3223 1866 3281 est
1883 3216 1970 3300 conj.

161 3343 266 3408 praes.
292 3324 348 3390 fut.
374 3326 514 3407 periphr.

321 3433 388 3496 Fal.
423 3431 446 3518 ξ
479 3431 535 3496 28:
570 3450 641 3507 nec,
677 3433 703 3495 si
735 3449 833 3496 omne
862 3431 1066 3496 enuntiatum
1091 3436 1147 3494 aut
1169 3449 1282 3495 verum
1307 3437 1362 3495 aut
1387 3428 1504 3494 lalsum
1529 3436 1588 3506 est,
1613 3430 1761 3513 sequitur
1783 3430 1871 3495 illico
1896 3448 1974 3496 esse

161 3557 280 3603 causas
295 3539 514 3603 immutabiles
530 3557 653 3621 easque
669 3545 830 3616 aeternae,
849 3557 933 3621 quae
950 3537 1146 3620 prohibeant
1163 3537 1341 3621 quidquam
1358 3555 1455 3602 secus
1473 3537 1600 3613 cadere,
1619 3543 1717 3623 atque
1734 3554 1901 3603 casurum
1916 3536 1972 3603 sit.

552 3964 889 4077 Ennntiationes
926 3963 1583 4104 hypotheticorumputativae.

320 4180 411 4261 Quae
444 4200 495 4246 en.
531 4181 922 4263 hypata-comparativae
955 4181 1166 4261 conjunctivo
1200 4179 1297 4244 futuri
1322 4180 1558 4261 periphrastico
1583 4184 1726 4256 utuntur,
1752 4176 1907 4264 aquosi,
1933 4183 1974 4245 ut

160 4287 198 4369 si,
223 4307 335 4373 acque
353 4341 359 4353 .
379 4339 384 4350 .
404 4340 410 4352 .
431 4307 472 4353 ac
495 4286 533 4369 si,
559 4292 741 4373 tamquam
761 4289 930 4371 incipiunt.
980 4288 1020 4354 Ut
1043 4289 1122 4352 satis
1140 4293 1278 4362 constat,
1296 4287 1498 4368 conjunctivi
1514 4293 1664 4369 tempora
1680 4289 1714 4350 in
1731 4287 1781 4351 his
1798 4286 1970 4351 sententiis

160 4415 200 4461 ex
224 4396 426 4478 temporibus
451 4397 686 4460 sententiarum
711 4397 937 4477 primariarum
963 4396 1115 4477 pendent.
1163 4395 1417 4478 Nonnumquam
1443 4401 1552 4459 tamen
1576 4393 1645 4459 fieri
1669 4400 1785 4476 potest,
1804 4401 1848 4471 ut,
1866 4413 1969 4478 quum

160 4504 321 4568 sententia
353 4503 576 4585 comparativa
610 4521 679 4566 rem
713 4522 778 4566 non
813 4521 923 4567 veram
957 4503 1132 4578 contineat,
1166 4503 1251 4585 conj.
1283 4502 1409 4585 imperi.
1435 4508 1467 4568 et
1490 4500 1745 4584 plusquamperl.
1771 4502 1869 4566 etiam
1893 4509 1972 4584 post

160 4618 288 4692 tempus
320 4610 499 4692 principale
533 4609 735 4674 adhibeatur.
793 4609 893 4674 Plane
922 4609 1008 4673 idern
1043 4609 1218 4674 observare
1251 4609 1326 4673 licet
1359 4611 1392 4673 in
1417 4610 1476 4685 his,
1502 4609 1543 4674 de
1568 4608 1687 4692 quibus
1711 4627 1797 4673 nunc
1822 4627 1969 4691 agemus,

160 4718 326 4799 exemplis.
375 4717 465 4796 Quae
499 4718 631 4798 <quidem
665 4717 815 4798 exempla
849 4736 949 4800 quum
978 4724 1087 4781 cetera
1116 4735 1193 4797 prae
1217 4735 1252 4781 se
1277 4716 1381 4781 lerant
1405 4718 1561 4799 temporis
1585 4717 1854 4781 consecutionem
1878 4714 1968 4781 illam

160 4825 345 4906 legitimam,
371 4843 474 4887 unum
498 4830 547 4888 est
571 4824 756 4906 exemplum
781 4823 951 4898 eiusmodi,
978 4830 1011 4887 ut
1036 4824 1246 4887 indicativum
1264 4825 1445 4905 praesentis
1463 4829 1619 4906 sequatur
1635 4821 1861 4905 imperfectum
1879 4823 1968 4905 conj.

160 4933 215 4997 lut.
243 4932 383 5014 periphr.
431 4931 486 4995 Est
511 4932 551 4996 de
576 4932 669 4995 Finn.
693 4930 735 4994 lV
759 4929 781 5016 ξ
806 4931 857 4994 65.

318 5039 427 5103 Prima
451 5040 580 5120 partitio
606 5039 687 5102 haec
711 5057 784 5102 esse
809 5038 919 5102 debet:

170 5146 191 5210 l.
240 5145 328 5211 Sent.
354 5145 761 5228 appan-comparativa
785 5145 865 5209 nulli
890 5144 1078 5209 condicioni
1102 5150 1151 5208 est
1175 5143 1331 5227 subjecta.

158 5254 193 5317 ll.
243 5252 330 5319 Sent.
357 5253 716 5337 hymba—comparat.
742 5252 838 5317 simul
862 5260 911 5316 est
935 5252 1089 5334 apodosis
1115 5252 1332 5334 hypothetica.
