4274 5790
1877 285 1920 348 25

318 457 386 523 lnv.
411 457 423 519 l
447 455 470 543 ξ
492 456 550 521 53:
575 457 692 523 deinde
718 478 815 524 nemo
839 459 1006 541 intelligat,
1031 478 1096 540 quo
1119 464 1268 541 spectent
1291 459 1366 524 illae
1390 461 1513 542 primae
1536 461 1743 525 inductiones
1761 462 1849 526 etad
1867 481 1965 542 quem

160 563 229 628 sint
259 565 381 628 exitum
406 580 652 646 perventurae.
704 564 739 630 Si
763 566 793 630 h.
819 566 839 630 l.
864 566 1045 649 subjectiva
1069 565 1166 630 futuri
1190 566 1296 630 visin
1320 568 1490 648 participio
1514 566 1570 631 lut.
1596 568 1682 644 insit,
1707 568 1860 632 nimirum
1883 570 1966 634 ratio

161 673 194 736 in
217 670 356 736 consilio
380 677 410 734 et
435 671 602 737 voluntate
626 673 812 738 inducentis
835 675 943 756 posita
966 678 1023 737 est.

321 794 383 859 Att.
418 795 455 871 V,
484 797 533 872 12,
559 798 592 862 2:
619 798 780 863 eiusmodi
803 798 926 862 litteras
951 795 1140 884 (exspecto),
1166 816 1206 862 ex
1230 799 1349 880 quibus
1373 816 1444 880 ego,
1469 817 1536 863 non
1560 799 1637 882 quid
1662 799 1717 862 fiat
1741 837 1780 848 ⁴-
1807 800 1864 864 sed
1889 800 1967 883 quid

150 901 319 987 futurum
343 900 395 983 sit,
420 907 532 968 sciam.

319 1028 410 1092 lbdm
444 1029 481 1104 V,
508 1029 558 1106 13,
583 1030 617 1093 3:
653 1027 687 1094 Si
710 1029 873 1112 intelligis,
898 1049 997 1113 quam
1022 1049 1131 1095 meum
1155 1032 1198 1094 sit
1220 1031 1304 1095 scire
1329 1037 1361 1095 et
1385 1050 1509 1106 curare,
1535 1032 1613 1114 quid
1637 1031 1671 1095 in
1696 1050 1731 1095 re
1755 1032 1889 1114 publica
1913 1032 1968 1097 fiat

161 1172 204 1180 -
227 1132 282 1197 fiat
306 1135 437 1199 autem?
460 1136 561 1200 immo
584 1154 662 1200 vero
687 1139 783 1201 etiarn
810 1138 887 1220 quid
899 1135 1072 1222 futurum
1097 1135 1148 1215 sit,
1174 1138 1339 1220 perscribe
1364 1138 1405 1202 ad
1430 1157 1482 1203 me
1506 1139 1626 1202 omnia.

320 1260 377 1323 His
401 1260 530 1324 duobus
554 1261 636 1326 locis
659 1263 693 1325 in
717 1262 954 1328 dubitationem
978 1282 1135 1329 revocare
1160 1263 1245 1340 licet,
1271 1269 1377 1327 utrum
1404 1263 1566 1345 objectiva
1590 1264 1746 1346 temporis
1769 1265 1818 1328 vis
1842 1266 1919 1327 insit
1934 1264 1968 1327 in

161 1366 246 1447 conj.
282 1367 520 1449 periphrastico
553 1374 589 1432 ut
622 1371 774 1451 opposito
808 1371 893 1453 conj.
928 1372 1126 1453 praesentis:
1159 1366 1237 1457 fiat,
1271 1388 1312 1433 an
1337 1388 1386 1446 ea,
1412 1388 1486 1453 qua,
1512 1370 1589 1452 quid
1614 1376 1647 1434 ut
1671 1370 1728 1434 fiat
1750 1377 1967 1453 exspectetur,

161 1474 331 1537 indicatur.
379 1474 470 1554 Quae
504 1478 666 1557 posterior
698 1477 892 1559 significatio
925 1496 966 1542 ex
998 1477 1172 1561 principali
1204 1483 1236 1541 et
1268 1478 1400 1559 propria
1432 1476 1670 1558 significatione
1699 1484 1749 1542 est
1772 1478 1966 1542 derivanda:

161 1581 241 1662 quid
266 1587 301 1644 ut
325 1580 381 1645 fiat
406 1584 624 1648 constitutum*
644 1585 685 1648 sit
709 1604 755 1649 sc.
780 1585 880 1650 rebus
903 1585 1100 1667 conjunctis,
1125 1585 1170 1648 ita
1193 1590 1229 1648 ut
1252 1584 1294 1648 sit
1317 1584 1526 1666 sperandum.

437 1830 473 1895 ll.
521 1832 737 1913 Quaestiones
762 1834 950 1911 indirectas,
976 1853 1061 1918 quae
1085 1835 1246 1917 apoduein
1270 1833 1416 1899 efficiunt
1440 1834 1695 1917 hypotheticam.

321 1983 356 2046 ln
381 1983 568 2050 huiusmodi
584 1985 863 2050 enuntiationibus
881 1986 1111 2069 conjunctivus
1129 1987 1320 2069 praesentis,
1338 1985 1529 2068 imperfecti,
1549 1985 1639 2069 peri,
1658 1986 1969 2069 plusquamperleeti

163 2087 218 2151 lut.
243 2091 383 2172 periphr.
409 2099 586 2174 usurpatus
610 2093 782 2158 invenitur.

322 2241 414 2325 Conj.
433 2242 634 2328 proesentis
657 2245 713 2309 lut.
740 2246 881 2328 periphr.

322 2350 426 2415 Huius
455 2352 579 2416 l'ormae
604 2352 723 2434 duplex
749 2358 798 2417 est
822 2372 915 2417 usus:
940 2358 997 2416 aut
1020 2353 1106 2416 enim
1130 2372 1190 2435 pro
1215 2352 1301 2434 conj.
1326 2351 1425 2416 laturi
1449 2352 1606 2434 simplicis
1629 2352 1681 2416 vel
1705 2353 1836 2417 indicat.
1862 2371 1966 2435 praes.

162 2454 218 2518 fut.
244 2457 385 2538 periphr.
411 2459 445 2521 in
469 2459 617 2523 oratione
642 2459 745 2523 libera
768 2467 819 2523 cst
842 2459 1013 2524 habendus
1037 2465 1094 2523 aut
1117 2460 1295 2542 respondet
1310 2460 1343 2523 in
1361 2460 1509 2524 oratione
1526 2464 1616 2524 recta
1632 2459 1717 2541 conj.
1735 2478 1839 2541 praes.
1858 2467 1968 2542 poten·

163 2562 238 2626 tiali.
288 2562 352 2628 Sed
385 2571 492 2629 utrum
527 2565 690 2648 objectiva
722 2585 764 2629 an
799 2565 986 2647 potentialis
1018 2566 1067 2630 vis
1100 2566 1134 2630 in
1166 2567 1217 2630 his
1249 2567 1469 2649 conjuncturis
1502 2584 1607 2648 praes
1634 2565 1690 2631 lut.
1715 2567 1856 2648 periphr.
1882 2567 1967 2641 insit,

161 2676 287 2734 tantum
320 2689 360 2735 ex
392 2672 607 2755 perpetuitate
631 2674 793 2737 sermonis
816 2673 926 2737 videre
950 2673 1027 2737 licet
1043 2692 1153 2756 neque
1174 2693 1215 2739 ex
1237 2673 1342 2738 forma
1365 2674 1468 2756 ipsius
1491 2675 1632 2756 protasis
1655 2674 1827 2756 dijudicari
1851 2679 1967 2755 potest,

162 2779 256 2842 cuius
290 2778 521 2860 conjunctivus
554 2799 613 2862 per
643 2780 730 2845 modi
764 2781 991 2844 attractionem
1025 2781 1151 2863 positus
1184 2799 1257 2845 esse
1281 2782 1383 2863 possit
1409 2787 1516 2864 atque,
1541 2781 1638 2844 etiam
1663 2781 1690 2843 si
1714 2799 1790 2845 vere
1815 2781 1856 2844 sit
1880 2781 1967 2863 conj.

162 2885 357 2967 potentialis,
393 2893 501 2951 tamen
535 2887 614 2951 nihil
639 2888 803 2969 impediat,
829 2887 1004 2970 quominus
1028 2905 1087 2969 per
1110 2887 1271 2969 apodosin
1295 2905 1503 2970 consequens
1526 2905 1639 2951 verum
1665 2893 1844 2952 etcertum
1868 2906 1968 2951 enun-

161 2995 267 3057 tietur.
315 2992 437 3058 Contra
469 2992 539 3058 lieri
571 3000 687 3075 potest,
721 3000 757 3058 ut
789 2995 935 3076 protasin
968 2994 1145 3059 indicativo
1179 2994 1278 3059 modo
1301 2999 1446 3057 utentem
1471 3000 1627 3076 sequatur
1650 2993 1683 3058 in
1708 2995 1855 3059 oratione
1880 3001 1969 3059 recta

161 3100 392 3181 conjunctivus
425 3101 458 3165 in
490 3101 637 3183 apodosi.
685 3100 775 3181 Quae
800 3120 900 3184 quum
924 3103 969 3166 ita
992 3109 1112 3179 essent,
1138 3101 1207 3166 fieri
1231 3120 1297 3165 non
1321 3101 1434 3183 potuit,
1460 3102 1539 3184 quin
1562 3101 1596 3165 iu
1621 3101 1787 3166 nonnullis
1811 3100 1969 3182 exemplis

162 3226 215 3272 res
240 3207 335 3271 valde
359 3208 483 3271 incerta
508 3215 595 3272 esset
618 3213 717 3290 atque
741 3207 903 3289 ambigua.

322 3332 492 3415 ObJectiva
517 3332 614 3398 luturi
637 3334 793 3416 temporis
817 3334 867 3397 vis
891 3333 942 3396 his
966 3331 1048 3398 locis
1072 3333 1169 3398 nobis
1193 3350 1366 3396 occurrere
1392 3332 1532 3397 videtur:

321 3438 388 3504 Inv.
422 3439 434 3503 1
466 3438 489 3526 ξ
524 3441 578 3504 11;
613 3439 690 3522 quid
725 3439 868 3504 futurum
901 3441 943 3503 sit
976 3443 1074 3523 (opp.:
1110 3440 1188 3523 quid
1212 3438 1334 3503 lactum
1358 3440 1408 3514 sit,
1435 3440 1512 3522 quid
1537 3439 1612 3519 liat),
1638 3439 1702 3503 hoc
1726 3438 1825 3503 modo
1849 3442 1969 3520 (potest

165 3548 300 3628 quaeri):
335 3548 362 3611 si
394 3547 625 3628 Karthaginem
658 3547 886 3630 reliquerimus
909 3547 1118 3622 incolumem,
1150 3565 1228 3610 num
1252 3546 1330 3629 quid
1354 3543 1398 3611 sit
1420 3546 1620 3610 incommodi
1644 3545 1684 3610 ad
1710 3563 1778 3609 rem
1802 3545 1967 3627 publicam
2006 3583 2013 3598 .

158 3659 420 3737 peruenturum.

322 3762 412 3827 Verr.
447 3761 488 3826 ΙΙΙ
511 3760 534 3848 ξ
557 3761 637 3826 220:
668 3760 796 3835 deinde,
817 3760 957 3842 judices,
981 3761 1099 3836 videte,
1125 3779 1222 3844 quam
1247 3759 1406 3825 infinitam
1430 3760 1500 3823 istis
1524 3758 1712 3824 hominibus
1736 3760 1901 3825 licentiam
1929 3796 1967 3807 -

162 3865 283 3934 daturi
305 3868 378 3935 sitis
402 3890 447 3935 sc.
473 3871 501 3934 si
525 3870 588 3934 hoc
613 3868 773 3951 probatis3
798 3868 885 3951 quod
909 3869 1057 3950 proxime
1081 3866 1254 3932 antecedit.

321 3977 416 4042 Tusc.
452 3976 539 4058 Disp.
574 3976 600 4039 ll
633 3973 656 4061 ξ
688 3974 745 4039 51:
778 3974 1050 4057 philosophorum
1084 3974 1253 4039 sententiis
1286 3975 1393 4058 qualis
1424 3973 1478 4038 hic
1512 3971 1569 4059 (sc.
1594 3972 1628 4036 in
1652 3992 1718 4057 quo
1742 3973 1803 4037 erit
1825 3972 1969 4056 perlecta

164 4082 336 4170 sapientia)
348 4083 502 4172 futurus
526 4081 577 4164 sit,
602 4083 630 4146 si
655 4082 752 4147 modo
777 4081 953 4168 aliquando
978 4081 1084 4158 luerit,
1109 4081 1292 4163 exponitur.

321 4192 410 4256 Fam.
436 4190 516 4266 Vlll,
544 4190 594 4268 13,
620 4190 640 4254 2
663 4188 830 4271 (Caelius):
856 4189 1012 4272 quidnam
1036 4188 1237 4270 reipublicae
1247 4184 1421 4275 futurum
1443 4185 1496 4269 stt,
1521 4189 1549 4252 si
1572 4194 1629 4253 aut
1653 4188 1752 4253 armis
1767 4189 1897 4252 resistat
1913 4193 1969 4250 aut

163 4317 229 4363 non
254 4306 354 4375 curet,
380 4318 439 4363 vos
463 4316 560 4363 senes
584 4297 700 4361 divites
724 4297 878 4361 videritis.

321 4405 443 4471 Verba:
468 4407 530 4470 aut
552 4402 662 4470 armis
685 4401 825 4468 resistat
846 4403 919 4467 add.
945 4401 1157 4483 Wesenberg,
1181 4403 1306 4484 recepit
1328 4402 1487 4468 Baiterus.
1534 4403 1571 4467 ln
1596 4404 1657 4467 hoc
1675 4421 1724 4467 ex.
1743 4399 1878 4465 dubium
1895 4418 1968 4464 esse

162 4518 278 4594 potest,
314 4517 421 4577 utrum
455 4513 526 4595 ipsa
557 4512 700 4594 protasis
732 4511 818 4592 conj.
853 4509 958 4574 forma
991 4516 1100 4575 utatur
1132 4515 1266 4591 propter
1287 4526 1380 4573 suam
1406 4510 1617 4591 potentialem
1641 4511 1707 4574 vim
1731 4527 1773 4572 au
1798 4526 1856 4589 per
1880 4506 1969 4571 modi

161 4622 401 4684 attractionem.
449 4618 615 4701 Apodosis
637 4625 747 4683 autem
772 4617 851 4681 mihi
874 4617 1003 4682 videtur
1026 4623 1153 4681 tantum
1177 4617 1211 4679 in
1234 4635 1269 4680 re
1293 4622 1383 4680 certa
1406 4623 1438 4681 et
1461 4637 1540 4683 vera
1563 4617 1695 4682 versari.
1960 4631 1962 4635 ⁴

321 4727 409 4791 Fam.
445 4724 526 4802 x111‚
561 4726 614 4803 77,
648 4725 683 4788 2:
719 4726 806 4789 hunc
839 4730 874 4788 tu
897 4725 925 4788 si
949 4725 1029 4789 milri
1052 4723 1290 4788 restituendum
1313 4726 1450 4800 curaris,
1476 4743 1542 4790 non
1565 4743 1700 4807 possum
1724 4722 1842 4796 dicere,
1869 4738 1968 4803 quam

161 4834 239 4897 mibi
263 4840 390 4915 gratum
401 4830 574 4921 saturum
597 4830 648 4898 sit.

321 4939 466 5005 Subinde
490 4941 629 5006 eandem
653 4959 723 5005 rem
747 4938 810 5003 hoc
835 4938 934 5004 modo
958 4937 1124 5020 exprimit:
1150 4956 1210 5018 ego
1235 4938 1262 5000 si
1286 4938 1454 5003 hominem
1478 4956 1536 5020 per
1559 4943 1589 5001 te
1614 4953 1819 5019 recuperare,
1838 4954 1969 4999 summo

162 5067 213 5112 me
237 5054 311 5112 ate
335 5047 495 5112 beneficio
520 5047 672 5112 allectum
697 5045 892 5110 arbitrabor.

320 5154 376 5236 Ep.
411 5154 452 5218 ad
476 5154 564 5219 Brut.
590 5153 612 5231 1,
640 5153 690 5231 15,
718 5152 774 5218 10:
809 5153 872 5217 hoc
897 5151 984 5216 bello
1007 5151 1150 5217 victores
1175 5168 1272 5234 quam
1297 5169 1366 5215 rem
1391 5149 1557 5232 publicam
1581 5147 1690 5215 simus
1714 5145 1876 5226 babituri,
1903 5166 1973 5214 uon

162 5261 255 5325 lacile
280 5260 538 5340 adfirmaverim;
563 5261 656 5326 victis
680 5267 768 5325 certe
794 5259 884 5323 nulla
908 5256 980 5322 erit.

1864 5380 1882 5433 4
