4274 5790
207 236 251 300 30

322 413 385 478 Att.
420 414 458 489 X,
487 414 514 490 1,
548 414 582 477 3:
616 414 643 476 si
673 413 751 496 quid
776 413 936 477 eiusmodi
960 414 1114 491 evenerit,
1140 420 1174 478 ut
1197 432 1404 480 arcessamur
1427 453 1469 462 -
1493 413 1580 495 quod
1605 414 1756 497 equidem
1782 432 1848 477 non
1872 430 1972 486 curo,

163 520 241 602 quid
275 520 361 584 enim
396 539 508 585 essem
536 521 576 584 de
600 539 682 603 pace
707 517 871 601 dicturus,
896 519 971 597 dixi,
996 521 1065 602 ipse
1089 520 1184 585 valde
1208 522 1391 604 repudiavit
1416 521 1539 585 -sed
1564 527 1671 585 tamen
1696 527 1768 597 etc„
1793 518 1849 585 ubi
1872 518 1972 583 illud:

162 624 248 712 quid
272 645 383 692 essem
407 623 562 692 dicturus
585 628 746 709 apodosin
770 626 870 692 efficit
892 628 1087 710 sumptionis
1111 629 1292 703 cuiusdam,
1318 646 1402 712 quae
1426 627 1589 693 audienda
1605 634 1668 693 est:
1693 632 1726 693 st
1739 624 1915 706 eoeumsct,
1935 629 1978 690 ut

162 752 429 800 arcesseremur.
477 735 513 799 ln
537 736 684 799 oratione
708 741 816 800 autem
841 734 944 799 libera
968 736 1049 799 haec
1073 735 1227 817 periodus
1250 735 1291 800 ad
1315 755 1418 817 genus
1441 735 1619 819 potentiale
1635 737 1825 818 pertineret:
1850 731 1882 799 si
1896 752 1972 799 eoe-

161 839 259 917 perit,
286 844 323 906 ut
344 859 576 918 arcessamur,
611 841 758 928 (aliquid)
787 839 913 918 dicam,
947 842 1042 924 cujus
1074 842 1201 924 periodi
1224 842 1379 925 apodosis
1403 843 1436 906 in
1459 843 1747 924 interrogationem
1775 842 1972 906 indirectam

162 949 394 1014 transformata
427 969 527 1033 quum
560 967 600 1014 ex
632 956 778 1032 tempore
810 950 985 1031 praeterito
1017 949 1167 1032 pendeat,
1201 949 1429 1032 conjunctivus
1453 952 1635 1032 praesentis
1657 948 1815 1032 simplicis
1837 951 1871 1013 in
1894 967 1973 1013 con-

158 1057 343 1139 junctivum
375 1056 557 1139 imperfecti
589 1055 646 1120 fut.
680 1056 820 1139 periphr.
855 1062 1000 1121 mutatur
1021 1074 1156 1137 prorsus
1179 1056 1296 1121 eodem
1321 1056 1428 1132 modo,
1454 1077 1520 1140 quo
1544 1064 1672 1140 tempus
1696 1075 1853 1140 praesens
1876 1054 1973 1138 sequi

162 1170 269 1246 potest
292 1164 522 1245 conjunctivus
546 1164 728 1245 praesentis
752 1162 809 1227 fut.
834 1163 975 1245 periphr.
999 1163 1035 1226 in
1057 1164 1173 1228 eodem
1197 1181 1316 1245 genere
1340 1165 1584 1229 sententiarum.

321 1272 356 1335 ln
388 1273 513 1336 incerto
537 1276 646 1336 autem
670 1270 921 1353 relinquendum
945 1289 1018 1335 esse
1042 1271 1178 1345 videtur,
1203 1277 1312 1335 utrum
1336 1271 1422 1353 conj.
1446 1271 1535 1354 impf.
1560 1271 1616 1337 fut.
1642 1271 1784 1354 periphr.
1813 1270 1970 1352 conjunc·

161 1381 228 1443 tivo
261 1381 441 1461 praesentis
475 1378 633 1461 simplicis
667 1397 710 1442 an
744 1378 921 1443 indicativo
951 1377 1050 1442 futuri
1074 1379 1231 1460 simplicis
1254 1379 1305 1443 vel
1330 1379 1512 1461 praesentis
1536 1379 1592 1443 fut.
1617 1379 1751 1461 periphr
1772 1377 1975 1460 respondeat

161 1488 201 1551 de
226 1488 340 1570 lmper.
366 1487 424 1553 Cn.
449 1487 562 1568 Pomp.
587 1486 610 1572 ξ)
633 1485 691 1551 59;
718 1486 773 1568 qui
798 1504 898 1570 quum
922 1504 962 1550 ex
986 1485 1080 1550 vobis
1103 1492 1283 1569 quaereret,
1308 1488 1336 1550 si
1360 1487 1393 1551 in
1409 1506 1476 1551 uno
1493 1485 1551 1552 Cn.
1569 1487 1727 1568 Pompeio
1744 1485 1855 1551 omnia
1869 1503 1970 1567 pone-

161 1595 248 1670 retis,
273 1595 301 1658 si
326 1593 403 1676 quid
428 1612 467 1657 eo
492 1592 613 1657 factum
637 1599 733 1669 esset,
758 1593 881 1676 inquo
906 1611 998 1674 spem
1023 1590 1141 1658 essetis
1164 1588 1342 1657 habituri.
1362 1644 1368 1657 .
1391 1645 1423 1658 ..

321 1744 353 1832 3)
387 1744 480 1827 Conj.
514 1743 603 1827 impl.
628 1743 685 1808 fut.
710 1745 850 1826 periphr.
875 1745 909 1808 in
934 1745 1126 1827 quaestione
1149 1744 1317 1821 indirecta,
1343 1763 1427 1828 quae
1451 1745 1607 1827 apodosis
1631 1751 1681 1810 est
1704 1744 1899 1827 sumptionis
1924 1745 1972 1808 rei

162 1871 229 1917 non
254 1853 368 1918 factae.

321 1960 466 2042 Utraque
499 1961 661 2024 sententia
694 1959 905 2042 hypothetica
938 1958 979 2022 ad
1011 1959 1221 2040 praeteritum
1250 1966 1377 2042 spectat
1400 1965 1538 2042 tempus,
1564 1966 1662 2042 atque
1686 1963 1772 2043 conj.
1797 1959 1886 2042 impf.
1912 1958 1971 2024 fut.

162 2069 303 2151 periphr.
338 2067 515 2150 respondet
549 2069 582 2131 in
606 2067 754 2131 oratione
778 2073 868 2130 recta
892 2064 1068 2130 indicativo
1093 2065 1273 2148 imperfecti
1298 2066 1355 2133 fut.
1380 2067 1521 2150 periphr.
1547 2066 1663 2131 eodem
1688 2065 1787 2131 modo
1811 2073 1973 2148 usurpato

161 2176 181 2239 i.
207 2193 234 2239 e.
259 2194 319 2257 pro
344 2175 555 2256 conjunctivo
579 2172 891 2257 plusquamperfecti
915 2179 950 2236 ut
973 2173 1194 2237 condicionali
1219 2173 1254 2249 ll,
1281 2194 1378 2258 quem
1403 2180 1532 2239 vocant.

321 2282 377 2346 Ex.
403 2287 481 2346 sunt
503 2282 600 2346 haec:

323 2389 380 2453 En.
405 2389 637 2470 interrogativa
661 2387 780 2470 pendet
804 2405 843 2451 ex
868 2393 1014 2469 tempore
1038 2387 1161 2452 futuro:

321 2497 462 2562 Herenn.
496 2496 523 2560 ll
555 2493 578 2581 ξ
611 2495 667 2559 22;
702 2500 837 2577 quaeret
861 2493 902 2558 ab
926 2494 1186 2571 accusatoribus,
1220 2490 1262 2559 ah
1283 2494 1450 2577 judicibus
1475 2496 1565 2578 ipsis,
1591 2495 1668 2578 quid
1681 2493 1825 2579 facturi
1847 2500 1973 2576 essent,

162 2605 190 2668 si
215 2607 247 2668 in
271 2624 312 2669 eo
336 2604 410 2669 loco
435 2603 572 2668 fuissent
595 2622 640 2668 sc.
667 2622 732 2685 quo
757 2601 817 2666 fuit
839 2620 925 2665 reus.

322 2710 375 2777 Or.
401 2716 504 2776 recta:
530 2711 608 2793 quid
633 2709 749 2774 facturi
772 2710 870 2774 eratis
894 2707 949 2795 (=
973 2709 1050 2792 quid
1075 2706 1257 2796 fecissetis),
1283 2710 1367 2774 siin
1391 2728 1430 2774 eo
1455 2711 1530 2774 loco
1555 2708 1721 2773 fuissetis?

322 2818 424 2883 Aliter
447 2819 510 2883 hoc
534 2836 583 2882 cx.
610 2817 774 2899 explicant
798 2815 1174 2881 Lattmannus-llliiller
1197 2815 1231 2902 (ξ
1257 2817 1329 2892 179,
1354 2817 1428 2880 adn.
1454 2817 1487 2897 7)
1512 2822 1544 2880 et
1567 2816 1682 2899 Hoppe
1708 2814 1777 2901 (der
1800 2816 1886 2898 conj.
1913 2816 1975 2883 der

162 2927 324 3009 conjugat.
351 2926 491 3008 periphr.
517 2944 588 3007 pag.
616 2924 679 3006 12),
704 2924 760 3006 qui
783 2923 912 2999 docent,
936 2942 995 3006 per
1017 2925 1165 3006 protasin
1188 2922 1310 3006 aliquid
1335 2923 1419 2986 sumi
1443 2925 1490 2988 rei
1515 2925 1641 2988 veritati
1664 2924 1863 2988 contrarium
1880 2943 1973 3006 prae-

161 3034 254 3108 senti,
281 3051 347 3097 non
367 3033 543 3115 praeterito
567 3038 723 3113 tempore.
771 3031 853 3095 Tum
882 3029 1056 3095 »fuissene
1084 3032 1125 3094 ad
1154 3030 1287 3095 »facturi
1311 3037 1440 3094 essent»
1467 3031 1605 3096 relatum
1630 3030 1877 3095 antecedentiae
1902 3033 1968 3096 vim

161 3140 268 3216 habet,
293 3146 391 3223 atque
403 3136 547 3226 facturi
569 3142 684 3203 essent
705 3157 763 3219 pro
788 3136 1008 3202 condicionali
1032 3136 1054 3213 1,
1081 3156 1147 3201 non
1171 3136 1196 3200 ll
1221 3145 1270 3202 est
1293 3138 1532 3221 accipiendum.
1581 3137 1645 3203 Sed
1670 3138 1735 3202 duo
1760 3136 1901 3213 obstant,
1937 3145 1971 3203 et

159 3247 257 3330 quod,
283 3254 318 3311 ut
336 3247 405 3328 Jam
429 3246 569 3310 vidimus
581 3243 613 3331 ²),
638 3245 723 3326 conj.
757 3243 937 3326 imperfecti
962 3250 996 3309 ut
1029 3244 1267 3309 condicionalis
1291 3246 1303 3309 l
1327 3247 1361 3309 in
1384 3247 1576 3329 quaestione
1601 3245 1759 3309 indirecta
1780 3246 1973 3310 immutatus

160 3360 279 3430 manet,
312 3359 344 3418 et
376 3353 464 3436 quod
497 3352 583 3434 conj.
618 3351 798 3433 imperfecti
830 3350 886 3415 fut.
912 3352 1052 3434 periphr.
1078 3358 1202 3427 contra,
1228 3352 1315 3434 quod
1340 3358 1486 3416 statuunt
1510 3354 1622 3416 Lattm.
1648 3360 1680 3416 et
1704 3351 1820 3417 Miiller
1843 3354 1875 3416 in
1900 3360 1973 3418 arte

159 3481 219 3525 sua
242 3459 264 3546 ξ
291 3460 353 3525 179
366 3460 440 3524 adn.
457 3461 484 3535 1,
511 3477 690 3541 numquam
715 3458 748 3521 in
772 3458 910 3541 apodosi
934 3477 1001 3523 non
1025 3459 1180 3541 pendenti
1204 3479 1263 3541 pro
1287 3459 1508 3524 condicionali
1532 3460 1544 3522 l
1568 3465 1754 3542 usurpatur.

319 3567 365 3631 Ex
389 3575 536 3649 tempore
560 3566 735 3648 praeterito
760 3565 881 3647 pendet
904 3584 954 3630 en.
981 3567 1179 3648 interrogat:

320 3672 372 3740 Or.
399 3673 480 3737 Phil.
505 3673 517 3736 l
541 3671 563 3758 ξ
590 3672 644 3736 12:
669 3673 757 3755 quod
782 3673 809 3736 si
833 3673 958 3754 scisset,
984 3693 1082 3755 quam
1106 3675 1301 3738 sententiam
1327 3669 1481 3738 dicturus
1506 3692 1627 3753 essem,
1652 3675 1831 3738 remisisset
1846 3673 1970 3755 aliquid

161 3781 308 3864 profecto
332 3780 373 3845 de
397 3781 570 3845 severitate
595 3781 743 3861 cogendi.

319 3888 463 3952 Protasis
487 3888 610 3953 omissa
632 3887 688 3952 illa
712 3888 843 3970 quidem
868 3894 925 3964 est,
951 3889 1008 3953 sed
1033 3888 1127 3952 facile
1151 3887 1294 3952 auditur:
1320 3887 1347 3950 si
1371 3885 1558 3952 adfuissem.
1615 3887 1665 3951 Ad
1689 3888 1884 3952 sententiam
1909 3886 1971 3950 for·

160 4013 247 4059 mae:
274 3992 429 4060 dicturus
454 4013 565 4059 essem
589 3995 816 4077 explicandam
840 3996 959 4060 idonea
982 4002 1032 4060 cst
1055 3995 1278 4077 paragraphus
1302 3995 1458 4076 proxima,
1484 3994 1540 4057 ubi
1564 3994 1646 4058 haec
1670 3994 1833 4076 leguntur:
1859 4012 1902 4058 an
1919 4013 1970 4057 me

160 4102 301 4167 censetis
324 4140 368 4147 —
393 4098 616 4167 decreturum
627 4099 804 4191 suisse—
823 4140 855 4149 -
873 4103 935 4166 -P
962 4142 999 4151 —
1015 4140 1058 4149 -
1071 4141 1112 4150 -
1135 4103 1201 4184 Ego
1218 4120 1296 4167 vero
1314 4120 1386 4166 eam
1403 4103 1597 4166 sententiam
1616 4098 1796 4176 dimissam,
1814 4108 1847 4164 ut
1867 4138 1908 4148 --
1930 4138 1969 4147 -

320 4207 373 4273 Or.
407 4209 488 4273 Phil.
514 4209 587 4273 XlV
610 4207 633 4293 ξ
657 4209 691 4273 8:
725 4228 875 4292 quaeque
911 4206 1181 4295 essefsncturus
1204 4210 1238 4273 in
1262 4209 1324 4272 hac
1349 4209 1438 4285 urbe,
1464 4210 1527 4272 nisi
1551 4227 1626 4272 eum
1650 4208 1703 4271 hic
1728 4209 1797 4290 ipse
1821 4208 1972 4290 luppiter

159 4315 200 4379 ab
225 4314 288 4378 hoc
312 4315 434 4397 templo
459 4321 557 4398 atque
580 4315 753 4380 moenibus
777 4316 983 4398 reppulisset‚
1009 4316 1185 4380 declaravit
1211 4318 1244 4379 in
1268 4316 1495 4379 Parmensium
1519 4315 1714 4379 calamitate.

320 4424 390 4488 Hoc
424 4442 555 4506 quoque
584 4423 659 4487 loco
684 4424 769 4505 conj.
795 4423 920 4505 imperf.
946 4422 1001 4487 fut.
1028 4424 1167 4505 periphr.
1194 4425 1227 4487 in
1251 4425 1443 4507 quaestione
1468 4424 1626 4487 indirecta
1650 4423 1776 4504 positus
1801 4429 1858 4497 est,
1885 4440 1969 4504 quae

160 4529 320 4611 apodosin
345 4531 512 4594 contineat
535 4531 731 4611 sumptionis
755 4531 802 4595 rei
826 4531 1001 4613 praeterito
1024 4536 1172 4612 tempore
1196 4550 1263 4595 non
1287 4530 1402 4594 factae.

323 4632 419 4718 Conj.
448 4634 599 4723 perfecti
617 4633 692 4723 suf.
724 4634 880 4722 periphr.
914 4639 948 4700 in
980 4638 1234 4718 interrogatione
1259 4637 1401 4720 obliqua,
1428 4655 1512 4720 quae
1536 4636 1698 4717 apodosin
1722 4635 1842 4699 efficiat
1867 4636 1967 4719 hypo·

159 4744 325 4808 theticam.

321 4869 412 4949 Quae
445 4868 509 4933 huc
543 4871 705 4951 pertinent
728 4870 888 4951 exempla,
914 4888 954 4932 ea
978 4869 1088 4933 omnia
1112 4869 1272 4933 eiusmodi
1297 4876 1381 4946 sunt,
1408 4875 1442 4932 ut
1465 4869 1551 4950 conj.
1578 4867 1656 4949 perf.
1683 4866 1738 4931 fut.
1765 4868 1907 4950 periphr.
1934 4868 1966 4931 in

160 4976 307 5040 oratione
339 4982 429 5040 recta
459 4976 659 5057 respondeat
692 4976 869 5040 indicativo
903 4974 984 5057 perf.
1018 4973 1074 5039 fut.
1109 4976 1249 5057 periphr.
1284 4978 1317 5039 in
1341 4975 1479 5058 apodosi
1503 4976 1698 5057 sumptionis
1722 4977 1768 5041 rei
1793 4975 1968 5058 praeterito

160 5167 426 5174 ——-——-

321 5252 343 5316 ¹)
363 5251 416 5307 Cfr.
439 5268 496 5321 pag.
520 5252 562 5305 27.
