4274 5790
203 244 246 305 44

159 421 252 503 quasi
285 440 352 484 non
386 438 501 483 omnes
525 419 595 483 eius
628 419 762 483 sceleris
795 425 894 483 testes
928 421 1041 483 assent
1061 416 1192 505 flaturi,
1226 420 1272 482 sio
1301 420 1424 495 metuit,
1458 438 1498 482 ne
1522 419 1797 483 condemnaretur
1820 423 1968 481 extrema

157 526 278 591 servuli
302 545 383 591 voce
408 527 585 590 morientis.

317 632 530 715 Aptissimum
564 633 642 696 mihi
675 652 748 697 esse
781 633 909 697 videtur
938 633 1132 697 sententiam
1157 638 1334 714 comparat.
1360 634 1405 696 ita
1428 633 1605 715 explicare:
1631 631 1702 696 liks.
1728 650 1781 695 om
1804 630 1876 696 icke
1900 626 1969 693 alla

157 760 235 804 vore
268 742 278 804 i
302 738 398 805 stand
421 747 467 804 att
491 759 570 804 vara
593 741 701 804 vitnen
727 737 770 822 pa
793 739 918 804 hennes
943 740 1031 803 brott
1054 759 1085 804 a:
1111 740 1205 822 quasi
1230 758 1295 804 non
1321 759 1435 805 omnes
1459 741 1530 804 eius
1553 739 1662 804 scelus
1686 739 1796 803 testari
1820 743 1967 819 possent.

158 848 230 911 Alia
253 849 350 911 etiam
374 847 559 930 explicandi
582 847 665 910 ratio
688 846 823 928 cogitari
847 853 963 928 potest,
989 865 1038 922 ea,
1065 865 1129 929 qua
1152 846 1217 926 obj.
1243 846 1342 911 tutari
1366 848 1522 929 temporis
1550 847 1598 911 vis
1622 845 1746 911 formae
1770 843 1967 927 periphrast.

157 954 330 1018 tribuatur:
366 954 437 1018 liks.
472 973 526 1018 om
557 952 630 1018 icke
663 953 728 1017 alla
760 952 875 1029 skulle,
910 953 1041 1018 komme
1071 959 1117 1016 att
1139 971 1218 1017 vara
1241 954 1351 1018 vitnen
1376 951 1418 1036 pa
1441 954 1566 1019 hennes
1590 954 1685 1028 brott,
1709 954 1763 1017 eui
1786 950 1971 1033 sumptioni

158 1081 257 1144 quum
284 1062 364 1126 haec
389 1061 561 1126 affirmatio
586 1061 750 1125 contraria
773 1061 828 1123 sit:
854 1067 887 1124 at
911 1079 1026 1125 omnes
1049 1066 1149 1125 testes
1173 1066 1277 1138 erunt,
1303 1079 1418 1125 omnes
1442 1061 1656 1137 testabuntur,
1682 1061 1834 1124 nimirum
1856 1060 1970 1123 minus

157 1176 269 1251 aptum
302 1175 351 1233 est
383 1170 427 1233 ita
456 1177 591 1234 vertere.
648 1169 762 1252 Neque
786 1169 872 1233 enim
897 1168 929 1232 id
955 1167 1118 1233 affirmare
1142 1174 1249 1250 potest
1272 1167 1426 1232 defensor
1448 1166 1597 1242 Cluentii,
1629 1186 1744 1232 omnes
1767 1185 1840 1231 esse
1864 1173 1971 1231 testes

158 1275 345 1357 prodituros
369 1276 503 1341 sceleris
528 1275 668 1353 Sassiae,
694 1276 752 1340 sed
777 1294 892 1340 omnes
915 1281 1025 1351 testes,
1049 1276 1075 1339 si
1100 1294 1183 1358 opus
1206 1276 1257 1351 sit,
1282 1276 1375 1339 citari
1392 1292 1507 1359 posse.

464 1490 499 1554 ll.
548 1488 637 1555 Sent.
663 1489 797 1573 hypotb.
821 1527 865 1535 --
888 1490 1111 1570 comparativa
1135 1489 1232 1554 simul
1255 1489 1411 1572 apodosis
1435 1488 1654 1572 hypothetica.

317 1614 411 1693 Quod
435 1633 537 1678 unum
561 1632 611 1679 ex.
636 1614 689 1678 hic
713 1613 827 1679 atlerre
851 1632 986 1696 possum
1009 1614 1125 1695 legitur

318 1721 385 1784 Iov.
412 1720 437 1783 ll
465 1719 546 1806 §32
580 1723 700 1803 itaque,
725 1727 892 1804 tamquam
917 1721 1035 1785 ceteris
1059 1740 1126 1786 non
1150 1719 1194 1785 sit
1215 1716 1389 1798 habitura,
1415 1721 1502 1804 quod
1527 1720 1689 1802 largiatur,
1714 1721 1742 1784 si
1765 1721 1820 1784 uni
1844 1727 1972 1785 cuncta

158 1828 367 1903 concesserit,
393 1826 481 1891 aliud
505 1827 560 1891 alii
584 1828 750 1892 commodi
774 1833 965 1892 muneratur
987 1827 1138 1915 (natura).

318 1932 417 1999 Sent.:
443 1936 625 2019 tamquam
648 1953 719 1998 non
742 1933 785 1999 sit
807 1930 972 1999 habitura
991 1935 1146 2016 apodosis
1163 1942 1213 2000 est
1229 1941 1310 2000 sent.
1328 1934 1472 2017 hypoth.:
1498 1933 1786 2012 si-cancasscrit,
1805 1956 1869 2018 qua
1885 1937 1970 2019 quid

158 2041 297 2104 sumitur
318 2039 474 2122 possibile
498 2039 578 2104 illud
602 2040 733 2122 quidem
758 2042 816 2105 sed
839 2043 1008 2106 incertum.

761 2450 1098 2564 Enuntiatianes
1136 2453 1361 2564 causales

317 2665 407 2744 Quae
440 2684 491 2729 en.
525 2665 675 2730 causales
705 2666 917 2747 conjunctivo
950 2666 1005 2731 fut.
1040 2667 1180 2749 periphr.
1216 2666 1337 2732 habent
1370 2668 1412 2743 id,
1447 2668 1535 2750 quod
1558 2670 1720 2733 sententia
1744 2669 1964 2750 praedicatur,

158 2790 359 2853 expressum,
385 2791 444 2837 eae
468 2791 488 2837 a
511 2792 630 2857 quum.
654 2769 756 2853 quod,
781 2771 871 2854 quia,
895 2772 1059 2854 quoniam
1082 2775 1250 2856 incipiunt.

700 2950 762 3014 En.
795 2969 815 3014 a
841 2971 961 3032 quum
993 2953 1232 3035 incipientes
1263 2952 1423 3018 causali.

319 3095 379 3158 Hic
404 3112 535 3176 quoque
559 3095 664 3176 prima
687 3095 817 3176 partitio
843 3095 1076 3178 exemplorum,
1102 3115 1187 3177 quae
1210 3097 1275 3161 huc
1299 3096 1470 3178 pertinent,
1496 3096 1577 3160 haec
1601 3098 1674 3161 erit:

332 3201 354 3265 l.
403 3200 491 3265 Sent.
517 3200 659 3265 causalis
682 3202 763 3265 nulli
787 3202 930 3266 obnoxia
954 3209 1004 3266 est
1027 3204 1224 3269 condicioni.

317 3307 353 3371 ll.
402 3306 490 3372 Sent.
516 3308 657 3372 causalis
682 3326 722 3372 ex
747 3309 941 3374 condicione
965 3311 1093 3391 pendet

318 3415 407 3494 Quae
432 3415 473 3478 ad
497 3415 587 3496 prius
610 3433 713 3496 genus
737 3416 901 3497 pertinent
924 3418 1082 3499 exempla,
1110 3419 1143 3481 in
1160 3419 1199 3481 iis
1216 3416 1321 3481 sorma
1336 3416 1572 3498 periphrastica
1587 3416 1694 3479 varias
1710 3417 1967 3498 significationes

159 3520 265 3586 habet.
321 3520 488 3601 Significat
512 3522 598 3585 enim
623 3520 653 3607 a)
678 3521 819 3605 aliquem
845 3541 918 3586 esse
942 3531 1090 3605 paratum
1116 3523 1238 3607 aliquid
1262 3522 1384 3600 iacere,
1409 3523 1443 3604 b)
1467 3523 1589 3606 aliquid
1613 3529 1649 3586 ut
1673 3522 1728 3587 fiat
1750 3543 1823 3589 esse
1847 3529 1967 3591 consti-

159 3635 262 3692 tutum
286 3629 338 3703 ita,
373 3636 408 3692 ut
431 3635 487 3692 aut
520 3632 550 3709 a)
574 3627 629 3692 fiat
653 3647 789 3693 necesse
813 3630 854 3692 sit
878 3629 897 3692 l.
923 3638 1072 3712 oporteat
1095 3638 1151 3695 aut
1184 3630 1213 3718 β)
1242 3636 1277 3695 ut
1300 3631 1364 3706 tiat,
1390 3631 1616 3696 tantummodo
1640 3633 1822 3713 exspectari
1845 3634 1967 3716 possit3

159 3740 189 3817 c)
214 3735 375 3816 objectiva
400 3742 528 3818 tempus
552 3735 705 3799 futurum.

608 3931 631 3995 l.
680 3930 768 3996 Sent.
794 3932 937 3997 causalis
962 3935 1042 3998 nulli
1066 3935 1209 4000 obnoxia
1233 3941 1283 4000 est
1305 3934 1503 3999 condicioni.

264 4060 295 4137 a)
320 4056 470 4141 Aliquem
491 4075 564 4121 esse
588 4063 737 4139 paratum
761 4057 884 4140 aliquid
908 4057 1026 4124 facere.

318 4167 380 4231 Pro
405 4164 531 4230 Cluent.
556 4184 602 4229 or.
627 4164 649 4251 ξ
677 4164 752 4228 187;
778 4184 901 4247 quaero
926 4166 1042 4241 abste,
1061 4165 1250 4249 Oppianice,
1268 4173 1434 4231 servotuo
1451 4167 1636 4231 Nicostrato
1654 4167 1732 4247 quid
1749 4166 1869 4231 lactum
1890 4187 1966 4232 esse

159 4274 264 4337 dicas:
291 4293 388 4356 quem
413 4279 456 4348 tu,
483 4291 584 4355 quum
614 4272 702 4336 hunc
730 4272 820 4336 brevi
846 4279 992 4354 tempore
1019 4279 1248 4339 accusaturus
1272 4292 1374 4351 esses,
1400 4275 1537 4338 Romam
1561 4273 1723 4338 deducere
1746 4313 1790 4322 —
1813 4274 1964 4340 debuisti.

321 4379 414 4463 Conj.
439 4380 565 4462 imperl'.
591 4379 647 4443 lut.
673 4378 814 4461 periphr.
840 4379 956 4444 eodem
982 4381 1080 4445 modo
1104 4389 1296 4463 usurpatum
1321 4389 1370 4446 est

317 4485 375 4551 Oli.
408 4486 447 4550 lll
480 4485 503 4572 ξ
536 4487 613 4550 110;
648 4506 707 4550 cur
739 4487 834 4568 igitur
866 4487 906 4550 ad
931 4494 1080 4552 senatum
1104 4489 1381 4570 proficiscebatur,
1416 4508 1516 4572 quum
1549 4489 1739 4570 praesertim
1762 4489 1802 4552 de
1826 4491 1965 4572 captivis

159 4592 387 4661 dissuasurus
412 4592 522 4659 esset?

264 4702 329 4784 ba)
352 4701 483 4784 Aliquid
507 4708 542 4765 ut
564 4701 620 4765 liat
643 4719 716 4766 esse
741 4702 953 4765 constitutum
977 4703 1030 4777 ita,
1056 4707 1091 4765 ut
1114 4702 1169 4765 fiat
1193 4721 1328 4767 neeesse
1353 4705 1394 4767 sit
1416 4703 1468 4767 vel
1493 4709 1650 4784 oporteat.

317 4808 410 4873 Hanc
434 4810 500 4871 vim
523 4808 662 4873 tortasse
686 4807 784 4872 habet
807 4809 891 4891 conj.
917 4809 1098 4889 praesentis
1122 4807 1177 4872 fut.
1203 4809 1344 4891 periphr.

316 4916 367 4979 ad.
393 4914 452 4993 Qu,
478 4913 514 4978 ir.
540 4915 561 4991 l,
587 4915 617 4991 3,
643 4916 677 4979 7:
704 4934 805 4995 quare
830 4916 907 4999 quid
931 4915 972 4979 ad
997 4933 1049 4978 me
1073 4917 1231 4997 scripsisti
1255 4917 1295 4981 de
1319 4916 1580 4999 permutatione?
1604 4918 1792 4998 quasivero
1809 4937 1963 4983 nunome

159 5041 225 5086 non
259 5029 334 5086 tuae
367 5021 538 5085 facultates
562 5024 754 5098 sustineant,
780 5041 845 5104 qua
868 5024 901 5085 in
926 5040 960 5086 re
983 5023 1055 5103 ipsa
1077 5023 1173 5087 video
1198 5025 1297 5088 miser
1320 5030 1352 5088 et
1375 5023 1480 5087 sentio
1505 5021 1582 5105 quid
1606 5024 1739 5088 sceleris
1764 5025 1961 5100 admiserim,

159 5149 260 5211 quum
297 5129 336 5192 de
366 5127 546 5192 visceribus
571 5131 634 5193 tuis
658 5136 690 5194 et
714 5129 769 5193 filii
794 5130 839 5191 tui
862 5126 1108 5216 satisfacturus
1132 5129 1179 5194 sis
1203 5130 1322 5212 quibus
1350 5129 1460 5202 debes,
1497 5147 1557 5211 ego
1581 5137 1750 5212 acceptam
1774 5152 1813 5194 ex
1836 5131 1962 5196 aerario

158 5237 331 5317 pecuniam
356 5243 411 5299 tuo
436 5237 568 5299 nomine
593 5236 712 5300 trustra
735 5236 929 5317 dissiparim.
