4274 5790
1884 281 1924 341 47

168 451 222 516 hic
245 460 332 518 vetet
353 454 553 519 intercedere
578 460 633 518 aut
656 473 852 537 quemquam
878 456 1131 520 intercessurum
1157 461 1255 537 putet,
1289 473 1389 538 quum
1414 455 1605 520 intercessio
1630 456 1797 521 stultitiam
1820 459 1971 523 interces-

167 559 253 624 soris
275 557 522 645 significatura
545 559 597 638 sit,
621 581 687 626 non
710 581 778 626 rem
804 559 1024 646 impeditura.

328 684 382 750 Sic
404 685 564 764 Klotzius;
589 687 767 769 Kayserus:
791 686 876 758 huic,
895 688 948 752 cui
965 693 1052 752 vetat
1069 688 1286 768 intercedere3
1308 687 1497 752 Muellerus:
1517 689 1568 753 hic
1586 689 1640 752 cui
1656 695 1741 752 vetat
1759 690 1969 767 intercedere,

166 794 199 858 ei
223 798 415 874 potestatem
440 800 511 871 etc.;
536 794 641 858 codd.:
667 793 754 874 huic,
778 795 831 858 cui
856 800 943 859 vetat
966 794 1189 859 intercedendi
1208 832 1249 840 „
1266 833 1305 840 -
1323 832 1367 842 -

328 919 471 984 Primum
496 919 604 992 credo,
631 918 753 982 nullam
778 937 851 984 esse
876 938 1020 994 causam,
1045 938 1105 983 cur
1125 939 1145 983 a
1168 919 1319 983 codicum
1342 919 1497 985 lectione:
1523 916 1603 985 duic
1620 919 1849 986 cniabeamus.
1873 921 1972 1005 Aper·

165 1032 236 1090 tum
270 1027 358 1090 enim
382 1027 461 1090 mihi
483 1026 612 1090 videtur
634 1044 718 1103 esse,
741 1025 903 1090 vocabula
930 1025 1096 1091 »cousulir
1123 1032 1154 1090 et
1183 1026 1295 1091 »hules
1322 1028 1406 1091 inter
1428 1014 1464 1092 se
1489 1029 1621 1109 opponi,
1645 1028 1677 1091 id
1702 1029 1789 1112 quod
1814 1028 1882 1093 fieri
1905 1049 1970 1093 non

163 1140 284 1217 potest,
309 1135 336 1197 si
360 1130 415 1198 tric
438 1132 562 1215 legitur,
597 1133 684 1216 quod
708 1133 860 1197 nimirum
883 1133 923 1197 de
945 1132 1052 1207 Rullo
1076 1152 1143 1197 non
1167 1133 1207 1197 de
1231 1134 1416 1200 decemviro
1441 1141 1551 1200 creato
1579 1135 1700 1200 dictum
1723 1143 1772 1201 est
1794 1136 1971 1217 intelligen-

163 1242 256 1307 dum.
303 1242 437 1317 Deinde,
463 1247 569 1304 utrum
593 1237 761 1304 intercedi
782 1258 825 1303 an
850 1236 1063 1304 intercedere
1084 1240 1303 1315 scribendum,
1330 1242 1409 1306 nihil
1431 1242 1472 1306 ad
1496 1261 1575 1306 rem.
1623 1242 1734 1307 Potest
1755 1245 1842 1307 enim
1867 1262 1971 1327 aeque

162 1350 251 1417 bene
274 1369 316 1416 ex
338 1369 404 1415 uno
427 1356 525 1433 atque
548 1367 587 1412 ex
612 1346 714 1412 altero
738 1348 890 1412 codicum
915 1347 993 1411 illud
1017 1344 1253 1412 intercedendi
1274 1367 1347 1413 esse
1363 1368 1515 1431 perverse
1531 1349 1652 1426 lictum,
1671 1351 1765 1431 cujus
1781 1351 1828 1416 rei
1844 1357 1972 1433 praeter

162 1458 364 1524 vocabulum
389 1476 531 1539 sequens
560 1461 790 1537 »potestatem
818 1454 941 1537 aliquid
965 1455 999 1518 iu
1022 1473 1124 1518 causa
1145 1473 1218 1519 esse
1236 1457 1341 1536 potuit
1356 1457 1470 1521 eadem
1488 1455 1610 1520 locutio
1627 1457 1725 1538 paulo
1743 1465 1818 1522 ante
1836 1460 1969 1540 scripta:

50 1594 56 1635 :
163 1564 303 1654 (adimit)
328 1560 567 1629 intercedendi
586 1565 800 1646 potestatem.
849 1563 932 1626 Puto
956 1563 1052 1643 igitur
1076 1561 1299 1627 scribendum:
1325 1559 1405 1627 duic
1421 1561 1477 1627 cni
1495 1566 1586 1628 cetat
1601 1561 1815 1629 intercedere
1834 1566 1853 1630 l.
1873 1563 1971 1630 inter·

165 1671 252 1739 cedi.
300 1673 413 1756 Neque
438 1678 547 1735 tamen
571 1670 621 1734 his
645 1671 689 1734 ita
713 1668 913 1734 confirmatis
937 1670 1049 1734 omnia
1073 1669 1106 1733 in
1130 1670 1193 1734 hoc
1217 1689 1267 1734 ex.
1285 1676 1373 1734 sarta
1396 1677 1547 1752 tectaque
1571 1664 1656 1735 su'nt.
1704 1672 1841 1736 Restant
1857 1672 1971 1737 verba:

164 1799 235 1864 qua
258 1799 297 1845 re
320 1782 381 1845 cat
403 1775 459 1843 tric
483 1781 570 1844 vetet
592 1773 807 1842 intercedere
831 1782 893 1842 ont
913 1796 1124 1862 quemqnam
1141 1783 1213 1852 etc,
1231 1778 1411 1859 quaemihi
1429 1778 1562 1842 minime
1578 1778 1629 1853 ita,
1647 1782 1683 1842 ut
1699 1778 1795 1860 vulgo
1812 1779 1970 1860 leguntur,

166 1887 319 1952 arrident.
368 1884 526 1968 Suspicor
549 1904 622 1949 esse
646 1885 834 1966 legendum:
860 1903 926 1967 qua
949 1902 984 1948 re
1008 1891 1064 1948 aut
1089 1879 1169 1948 haic
1191 1890 1277 1948 vetet
1300 1885 1502 1949 intercedere
1526 1891 1581 1949 aut
1605 1904 1803 1968 quemquam
1821 1887 1972 1951 interces-

50 2036 53 2045 ·
166 2014 280 2059 surum
313 1999 411 2076 putet.
468 1992 545 2057 Mihi
578 1994 665 2056 enim
689 1993 797 2056 minus
820 2010 903 2073 opus
927 2010 1000 2056 esse
1023 1991 1151 2054 videtur
1175 1992 1347 2075 minusque
1371 1998 1482 2074 aptum
1507 2011 1699 2073 pronomen,
1725 1992 1812 2075 quod
1835 2000 1884 2058 est
1907 1989 1971 2075 tic,

50 2234 61 2389 l

50 2406 55 2449 l

166 2102 202 2166 in
233 2100 341 2189 verbis
374 2107 439 2164 tam
473 2118 574 2182 prope
607 2101 691 2164 inter
722 2118 758 2163 se
792 2097 1005 2181 sequentibus
1038 2098 1089 2162 de‘
1107 2097 1205 2162 variis
1229 2099 1416 2163 hominibus
1440 2101 1601 2182 usurpari.
1648 2098 1793 2172 Accedit,
1818 2101 1916 2184 quod,
1939 2103 1972 2165 ni

166 2207 271 2284 fallor,
305 2209 338 2270 in
371 2208 443 2289 ipsa
475 2207 650 2271 verborum
683 2205 901 2271 collocatione
925 2205 1048 2288 aliquid
1073 2211 1131 2280 est,
1154 2205 1278 2288 inquo
1302 2205 1520 2270 ollendamus:
1546 2210 1608 2271 cut
1629 2202 1684 2271 liic
1706 2245 1750 2254 —
1774 2213 1834 2272 aut
1856 2228 1972 2293 qnem-

166 2333 282 2398 qnam,
307 2314 395 2379 velut
416 2315 444 2378 si
468 2315 545 2397 quid
569 2313 785 2378 intercederet
809 2314 949 2396 oppositi
974 2314 1058 2377 inter
1081 2309 1136 2378 nic
1159 2320 1191 2378 et
1212 2333 1428 2395 quemqnam.
1475 2314 1589 2379 Potius
1612 2320 1680 2377 tum
1705 2315 1883 2381 desideres:
1908 2335 1973 2399 qua

50 2498 52 2507 Ι
166 2440 203 2487 re
227 2423 279 2487 hic
302 2429 360 2487 aut
382 2428 442 2487 etc.
490 2421 580 2486 Haec
603 2423 643 2486 de
668 2422 838 2503 scriptura.

50 2602 55 2711 t

327 2547 421 2626 Quod
444 2547 486 2612 ad
511 2546 781 2628 significationem
804 2545 928 2611 formae
951 2545 1207 2627 periphrasticae
1223 2544 1346 2621 attinet,
1364 2545 1457 2611 aliter
1472 2554 1570 2630 atque
1587 2565 1647 2629 ego
1663 2545 1726 2611 feci
1743 2549 1973 2631 interpretatus

166 2660 218 2719 est
249 2662 395 2719 nostrum
427 2673 476 2719 ex.
502 2654 676 2718 Kiihnerus
698 2651 800 2739 (Aust.
827 2652 879 2718 Gr.
904 2650 927 2737 ξ
951 2651 1025 2727 205,
1052 2650 1092 2737 ll,
1116 2672 1216 2736 quum
1233 2651 1329 2729 dicat,
1354 2654 1439 2734 conj.
1461 2653 1699 2736 »significatura
1715 2656 1775 2719 sit»
1794 2675 1867 2721 esse
1885 2657 1971 2739 conj.

155 2759 231 2850 fut.
278 2761 371 2841 Quod
397 2762 572 2845 quominus
596 2761 765 2836 assentiar,
792 2759 924 2825 obstant
946 2778 994 2835 ea,
1020 2777 1105 2843 quae
1120 2759 1335 2841 praecedunt:
1358 2779 1429 2824 non
1446 2757 1611 2845 intelligo,
1629 2782 1697 2842 qno
1713 2780 1752 2827 re
1767 2781 1973 2845 quemqnam

168 2868 438 2935 intercessuram
468 2871 572 2952 putet,
606 2868 692 2932 unde
723 2869 878 2950 sequitur,
910 2873 947 2931 ut
979 2864 1094 2931 Cicero
1116 2866 1228 2930 credat
1251 2867 1414 2931 neminem
1437 2886 1509 2933 esse
1531 2869 1795 2935 intercessurum.
1844 2871 1905 2950 Qui
1929 2872 1973 2935 ita

167 2978 274 3054 sentit,
308 2978 378 3042 eius
409 2977 638 3057 sumptionem,
671 2993 755 3058 quae
778 2974 982 3039 substantivo
1006 2970 1202 3038 intercessio
1227 2974 1421 3049 continetur,
1447 2957 1549 3056 magis
1571 2984 1830 3041 consentaneum
1857 2984 1907 3042 est
1929 2979 1974 3042 ita

169 3084 329 3167 accipere,
354 3090 391 3148 ut
413 3084 468 3146 sit:
493 3084 521 3145 si
545 3082 735 3158 intercedat,
758 3082 915 3158 cesserit,
940 3100 1021 3145 non:
1044 3081 1162 3158 -cedet,
1186 3081 1334 3145 cesserit
1356 3079 1425 3162 (lut.
1449 3085 1522 3165 erc).

328 3207 386 3276 Oll.
421 3208 476 3272 lll:
512 3207 568 3272 93:
601 3207 791 3289 promisisse
824 3205 946 3270 nollem
968 3243 1001 3251 -
1024 3243 1063 3251 -
1079 3227 1133 3283 —;
1165 3206 1319 3287 quoniam
1344 3207 1501 3288 promisit,
1532 3208 1559 3270 si
1583 3207 1702 3272 saltare
1726 3209 1759 3272 in
1784 3207 1855 3273 loro
1880 3216 1973 3291 turpe

169 3316 274 3393 ducet,
300 3316 471 3381 honestius
494 3316 676 3387 mentietur,
700 3315 728 3378 si
749 3331 790 3378 ex
813 3312 993 3378 hereditate
1017 3311 1096 3376 nihil
1115 3312 1246 3393 ceperit,
1272 3332 1371 3395 quam
1395 3314 1423 3377 si
1447 3315 1578 3396 ceperit,
1602 3315 1664 3378 nisi
1688 3313 1769 3378 torte
1788 3334 1860 3380 eam
1878 3335 1973 3398 pecu·

168 3425 256 3489 niam
287 3425 321 3489 in
352 3425 398 3488 rei
432 3422 582 3514 publicae
608 3441 760 3503 maguum
783 3419 915 3504 aliquod
938 3426 1067 3501 tempus
1091 3418 1273 3496 contulerit,
1299 3426 1333 3484 ut
1356 3420 1408 3486 vel
1433 3420 1561 3496 saltare,
1591 3440 1667 3486 cum
1691 3424 1814 3504 patriae
1839 3420 1972 3489 consul-

168 3536 266 3598 turus
291 3531 343 3610 sit,
366 3540 459 3615 turpe
482 3551 549 3596 non
572 3531 623 3595 sit.

328 3641 472 3705 Protesis
496 3646 546 3705 est
569 3637 792 3721 intelligenda:
816 3636 965 3701 saltando
990 3635 1055 3701 vel:
1081 3636 1109 3698 si
1132 3635 1237 3699 saltet.

327 3747 416 3811 Fam.
441 3747 492 3823 Ill,
515 3747 545 3821 9,
570 3746 605 3810 3:
628 3764 705 3809 uam
727 3744 874 3827 prolecto
897 3762 963 3808 non
984 3749 1034 3808 est
1051 3760 1169 3818 meum,
1188 3744 1243 3825 qui
1259 3743 1293 3807 in
1309 3743 1493 3819 scribendo,
1512 3749 1547 3807 ut
1562 3742 1649 3807 soles
1666 3742 1828 3818 admirari,
1847 3748 1973 3807 tantum

50 3898 63 3931 ;‚
168 3855 345 3920 industriae
367 3873 497 3936 ponam,
523 3854 736 3928 committere,
762 3859 798 3916 ut
819 3851 984 3934 negligens
1009 3852 1041 3914 iu
1065 3850 1239 3915 scribendo
1264 3850 1364 3916 luisse
1387 3850 1508 3925 videar,
1531 3851 1721 3932 praesertim
1739 3869 1839 3933 quum
1856 3849 1888 3913 id
1906 3869 1995 3915 uon=

168 3963 266 4027 modo
290 3961 491 4044 negligentis,
516 3960 691 4026 sedetiam
715 3960 832 4040 ingrati
855 3959 957 4024 animi
980 3959 1104 4022 crimen
1115 3956 1290 4044 jutarum
1314 3957 1366 4024 sit.

326 4066 372 4133 Id
395 4099 437 4123 =
461 4070 489 4132 si
510 4069 544 4132 in
568 4066 741 4132 scribendo
764 4067 804 4132 ad
829 4073 860 4130 te
885 4065 1048 4148 negligens
1071 4065 1188 4131 fuerim
1212 4065 1231 4130 l.
1258 4065 1358 4130 fuisse
1382 4064 1502 4129 videar.
1524 4146 1527 4152 .

326 4177 415 4241 Fam.
440 4176 493 4250 Vl,
516 4177 547 4252 4,
571 4177 601 4239 4:
625 4176 652 4239 si
672 4176 741 4257 jam
763 4193 863 4239 vocer
885 4175 926 4238 ad
948 4174 1071 4238 exitum
1094 4174 1188 4248 vitae,
1215 4191 1281 4236 non
1303 4170 1344 4236 ab
1367 4189 1406 4236 ea
1427 4171 1610 4254 republica
1628 4170 1759 4245 avellar,
1781 4189 1847 4253 qua
1863 4189 1973 4236 careu-

168 4283 245 4348 dum
267 4302 339 4348 esse
364 4283 503 4359 doleam,
527 4283 720 4366 praesertim
745 4301 846 4364 quum
870 4280 903 4344 id
927 4280 997 4345 sine
1022 4280 1089 4345 ullo
1114 4299 1213 4344 sensu
1225 4276 1396 4366 futurum
1419 4277 1470 4343 sit.

327 4409 496 4473 Postremo
521 4406 655 4473 afferam

327 4515 401 4581 Sex.
438 4517 533 4580 Rosc.
568 4515 638 4579 Am.
670 4512 771 4599 §47:
805 4532 918 4578 verum
944 4514 1094 4578 homines
1118 4519 1214 4577 notos
1236 4529 1365 4577 sumere
1388 4511 1539 4575 odiosum
1563 4517 1622 4589 est,
1644 4529 1745 4592 quum
1768 4516 1801 4574 et
1824 4510 1903 4575 illud
1928 4512 1973 4576 in·

167 4631 290 4689 certum
324 4625 375 4702 sit,
406 4623 549 4687 velintne
583 4623 615 4686 hi
646 4640 719 4686 sese
743 4622 915 4698 nominari,
947 4627 979 4685 et
1000 4639 1098 4685 nemo
1122 4619 1215 4684 vobis
1248 4619 1349 4699 magis
1373 4623 1470 4682 notus
1485 4617 1637 4706 saturus
1660 4615 1705 4682 sit
1726 4637 1825 4701 quam
1849 4625 1897 4683 est
1919 4619 1972 4683 hic

168 4731 343 4815 Eutychus.

285 4863 287 4868 ·
327 4839 362 4902 ln
396 4857 461 4921 quo
494 4856 543 4902 ex.
578 4836 713 4901 dubium
746 4854 819 4901 esse
850 4842 967 4917 potest,
1001 4842 1108 4898 utrum
1140 4833 1301 4916 objective
1335 4851 1377 4896 an
1410 4833 1630 4915 potentialiter
1660 4833 1802 4914 positum
1828 4834 1870 4896 sit
1894 4833 1973 4897 illud

156 4944 308 5033 futurus
331 4944 383 5010 sit.

327 5052 389 5117 Pro
415 5047 649 5116 condicionali
670 5047 713 5113 II
733 5054 908 5130 usurpatus
932 5054 981 5113 est
1003 5048 1231 5130 conjunctivus
1254 5044 1449 5134 imperfecti
1469 5046 1524 5111 lut.
1548 5047 1689 5129 periphr.

327 5159 392 5223 luv.
418 5157 512 5244 11§§
534 5157 576 5220 73
600 5163 632 5220 et
653 5156 710 5219 76:
734 5174 835 5238 quum
858 5173 972 5220 omnes
992 5152 1144 5239 perituri
1166 5154 1284 5218 milites
1309 5157 1429 5230 essent,
1452 5155 1513 5217 nisi
1538 5154 1579 5218 ad
1604 5154 1689 5217 hanc
1711 5155 1898 5235 pactionem
1923 5171 1973 5218 ve·

168 5269 292 5332 cissent
316 5274 376 5331 etc.
