4320 5796
770 1219 1111 1330 inundationes
1148 1220 1383 1332 relativae.

175 1498 224 1656 ln
265 1588 545 1653 enuntiationibus
584 1588 729 1652 relativis
767 1589 968 1670 conjunctivi
1005 1590 1196 1670 praesentis,
1231 1586 1421 1669 imperfecti,
1456 1584 1589 1669 perlecti
1624 1587 1721 1652 laturi
1754 1589 1979 1670 periphrastici

168 1693 318 1776 exempla
342 1696 462 1759 inveni.
512 1694 640 1759 Causae
665 1696 867 1777 conjunctivi
892 1697 979 1759 modi
1004 1696 1140 1759 adhibiti
1166 1695 1275 1759 variae
1300 1701 1389 1757 sunt:
1415 1702 1470 1758 aut
1495 1695 1581 1759 enirn
1607 1696 1773 1759 causalem
1798 1697 1862 1759 vim
1881 1695 1978 1760 habet

168 1805 330 1866 sententia
354 1803 490 1868 relativa
514 1809 572 1866 aut
599 1805 811 1866 consecutiva
836 1804 998 1893 sententia
1022 1811 1070 1867 est
1095 1809 1151 1866 aut
1175 1803 1336 1866 sententia
1360 1802 1556 1866 secundaria
1580 1804 1737 1867 orationis
1754 1803 1907 1885 obliquae
1924 1811 1981 1866 aut

168 1911 309 1992 denique
334 1911 565 1991 conjunctivus
593 1910 711 1973 modus
735 1910 862 1992 positus
885 1918 934 1974 est
959 1928 1018 1992 per
1041 1911 1267 1974 attractionem
1293 1909 1391 1984 modi,
1417 1929 1515 1992 quam
1540 1917 1669 1975 vocant.

328 2016 570 2098 Exemplorum,
596 2036 681 2099 quae
707 2018 770 2081 huc
795 2019 966 2099 pertinent,
993 2021 1097 2099 prima
1122 2018 1251 2098 partitio
1276 2016 1358 2080 haec
1383 2034 1455 2080 esse
1480 2017 1590 2081 debet:

184 2122 204 2185 l.
253 2122 345 2205 Conj.
372 2143 489 2206 praes,
523 2124 623 2206 impl,
659 2124 738 2206 perf.
774 2123 872 2187 lturi
901 2124 1128 2206 periphrastici
1154 2126 1186 2187 in
1211 2123 1354 2187 relativis
1379 2126 1548 2188 sententiis
1573 2124 1732 2206 leguntur,
1758 2125 1877 2207 quibus
1902 2124 1978 2207 quid

328 2229 557 2308 pronuntietur
581 2227 660 2291 nulli
686 2227 865 2290 obnoxium
890 2227 1087 2291 condicioni.

168 2334 205 2396 ll.
255 2333 463 2416 Conjunctivi
497 2352 601 2415 praes.
636 2342 668 2398 et
702 2333 826 2416 imperf.
862 2334 919 2398 lut.
945 2334 1085 2415 periphr.
1112 2335 1143 2396 in
1169 2335 1339 2397 sententiis
1364 2333 1507 2398 relativis
1531 2336 1676 2413 adhibiti,
1703 2357 1787 2420 quae
1812 2338 1979 2420 subjectae

328 2447 405 2504 sunt
428 2440 527 2504 alicui
551 2441 749 2505 condicioni.

329 2600 351 2664 l.
401 2600 550 2665 ttelativa
574 2603 736 2666 sententia
761 2601 841 2664 nulli
866 2602 1014 2683 subjecta
1040 2609 1089 2665 est
1112 2603 1309 2666 condicioni.

397 2707 489 2790 Conj.
510 2726 631 2791 praes,
658 2707 713 2772 fut.
740 2710 880 2790 periphr.

328 2814 420 2896 Conj.
456 2834 561 2896 praes.
597 2814 652 2877 lut.
688 2815 828 2896 periphr.
854 2816 887 2877 in
913 2815 965 2878 bis
987 2817 1158 2879 sententiis
1183 2815 1327 2880 relativis
1353 2817 1451 2879 variis
1476 2817 1768 2897 significationibus
1792 2825 1978 2900 usurpatur,

169 2940 253 3003 quare
277 2922 318 2985 ad
344 2929 498 3004 quattuor
522 2922 656 2985 omnino
681 2940 801 3003 genera
826 2921 938 2986 reterri
964 2941 1061 3003 posse
1085 2923 1245 2988 videntur.

327 3029 510 3110 Usurpatur
534 3032 621 3095 enim
646 3033 731 3112 conj.
758 3049 862 3112 praes.
890 3030 944 3093 lut.
971 3031 1112 3112 periphr.

383 3134 413 3221 1)
437 3136 477 3199 de
502 3155 551 3212 eo,
578 3141 633 3220 qni
658 3139 825 3202 inanimo
850 3137 949 3201 habet
972 3137 1094 3220 aliquid
1120 3136 1242 3213 lacere;

380 3243 412 3323 2)
436 3243 476 3306 de
500 3263 550 3320 eo,
585 3247 673 3328 quod
708 3245 748 3309 de
783 3244 890 3308 futuro
923 3245 968 3307 ita
1003 3245 1241 3326 pronuntiatur,
1276 3252 1309 3307 ut
1334 3251 1424 3308 certa
1448 3244 1558 3326 aliqua
1582 3246 1664 3308 ratio
1690 3251 1866 3325 spectetur,
1893 3245 1979 3309 unde

169 3350 366 3430 deducatur3

381 3458 413 3539 3)
437 3459 469 3522 in
495 3478 534 3522 ea
558 3458 806 3540 significatione,
833 3477 898 3541 qua
922 3459 1001 3540 quid
1025 3457 1212 3522 facultatem
1239 3458 1359 3521 hahere
1384 3456 1523 3521 alicuius
1547 3459 1592 3521 rei
1618 3457 1787 3521 faciendae
1812 3458 1863 3521 vel
1881 3477 1978 3538 posse

167 3564 290 3647 aliquid
315 3564 422 3630 lacere
447 3566 621 3644 indicetur;

380 3671 413 3758 4)
437 3673 470 3736 in
495 3673 659 3755 objectiva
683 3672 780 3736 laturi
807 3671 973 3756 temporis
996 3672 1037 3734 vi.

383 3831 413 3919 1)
438 3832 484 3897 De
517 3852 567 3910 ec,
603 3834 658 3917 qui
691 3834 725 3896 in
749 3834 859 3896 animo
884 3832 984 3896 habet
1006 3831 1129 3915 aliquid
1154 3830 1263 3896 lacere
1287 3831 1413 3913 positus
1437 3839 1487 3896 est
1510 3833 1596 3914 conj.
1621 3850 1727 3914 praes.
1754 3831 1809 3896 lut.
1835 3832 1976 3914 periphr.

166 3938 217 4001 his
242 3938 337 4004 locis:

380 4043 432 4111 Or.
468 4044 550 4110 Sest.
584 4045 606 4131 ξ
643 4045 720 4110 133:
751 4045 801 4109 lex
828 4084 869 4094 -
893 4051 980 4110 vetat
1003 4044 1199 4128 gladiatores
1224 4045 1366 4118 biennia,
1392 4064 1458 4128 quo
1483 4046 1556 4130 quis
1580 4046 1708 4128 petierit
1732 4052 1786 4109 aut
1805 4043 1979 4128 petiturus

165 4149 218 4231 sit,
244 4152 330 4216 dare.

327 4258 381 4324 Sic
416 4259 479 4323 hoc
509 4260 694 4342 exemplum
719 4279 793 4325 sese
818 4260 915 4324 babet
940 4259 1027 4341 apud
1051 4259 1225 4333 Klotzium,
1251 4258 1453 4334 Muellerum,
1479 4260 1513 4323 in
1537 4259 1586 4322 ed.
1613 4257 1710 4325 Orell.
1736 4257 1848 4323 altera.
1897 4258 1978 4341 llay-

166 4387 259 4432 serus
284 4368 398 4433 verba:
418 4365 560 4451 petierit
582 4371 643 4431 uui
666 4368 760 4431 uncis
784 4366 928 4431 seclusit.
976 4365 1100 4430 Auctor
1123 4373 1172 4430 est
1196 4365 1385 4446 Madvigius
1412 4367 1466 4449 qui
1491 4365 1562 4448 (Op.
1588 4366 1645 4431 Ac.
1668 4386 1714 4448 pr.
1733 4387 1783 4448 pg.
1802 4363 1879 4451 501)
1897 4366 1977 4429 haec

167 4475 267 4539 verba
300 4475 440 4540 delenda
471 4481 584 4539 censet
618 4492 724 4556 neque
757 4473 790 4537 id
813 4473 942 4555 injuria.
990 4472 1072 4535 Nam
1098 4471 1194 4554 plane
1219 4472 1397 4536 absurdum
1422 4480 1472 4537 est
1496 4480 1615 4553 vetare,
1641 4473 1774 4536 hiennio
1794 4475 1879 4555 pest
1902 4474 1978 4555 peti-

167 4582 287 4646 tionem
313 4583 537 4647 blandimenta
561 4582 673 4664 populi
699 4581 856 4646 adhiberi.
904 4580 1049 4656 Accedit,
1076 4581 1164 4663 quod
1189 4579 1375 4645 Scholiasta
1399 4581 1470 4646 Vat.
1496 4582 1528 4644 in
1554 4599 1614 4644 suo
1639 4580 1753 4644 codice
1779 4579 1860 4644 haec
1877 4580 1978 4644 verba

167 4687 282 4768 legisse
308 4710 374 4754 non
398 4690 534 4766 videtur,
561 4708 661 4772 quum
687 4690 768 4753 baec
793 4688 940 4752 adnotet:
971 4687 1382 4769 »praescribebaturenim
1406 4687 1586 4762 lateralia,
1613 4705 1653 4751 ne
1678 4686 1872 4750 candidatus
1897 4691 1978 4751 nato

168 4794 345 4872 biennium,
371 4815 470 4880 quam
496 4797 720 4878 magistratum
745 4797 904 4878 petiturus
928 4802 1024 4869 esset,
1051 4814 1170 4859 munus
1194 4795 1317 4877 populo
1337 4795 1477 4860 ederet.»
1510 4794 1684 4859 Praeterea
1701 4800 1978 4858 commemoratur

166 4901 248 4964 haec
272 4901 324 4966 lex
348 4906 444 4968 etiam
470 4905 502 4968 in
528 4903 634 4968 Vatia.
659 4902 682 4989 ξ
706 4903 758 4967 37;
784 4902 926 4978 biennio,
953 4922 1019 4985 quo
1043 4903 1117 4985 quis
1139 4905 1234 4985 petat
1252 4899 1468 4985 petiturusuc
1492 4900 1535 4965 stt
1557 4901 1753 4983 gladiatores
1767 4902 1853 4964 dare.
1903 4900 1977 4963 l'or-

167 5016 254 5072 tasse
288 5018 400 5074 nostro
426 5030 556 5093 quoque
581 5010 655 5074 loco
685 5010 857 5092 legendum
883 5015 944 5073 est:
980 5015 1069 5090 petat
1092 5010 1292 5091 petiturusve
1317 5010 1366 5073 sit.
1415 5009 1529 5091 Neque
1551 5010 1639 5072 eninr
1665 5009 1761 5088 plane
1787 5027 1976 5089 perversum

165 5135 238 5179 esse
279 5116 407 5180 videtur
439 5118 591 5196 cogitare,
627 5116 801 5181 lectionem
836 5115 1006 5180 codicibus
1039 5117 1160 5180 nostris
1193 5116 1343 5179 traditam
1368 5116 1443 5179 inde
1469 5116 1625 5196 originem
1652 5117 1798 5191 traxisse,
1831 5116 1918 5197 quod
1944 5117 1975 5178 in

167 5224 249 5286 libro
283 5224 463 5305 archetypo
494 5242 594 5305 quum
619 5224 776 5305 scripturn
802 5223 911 5286 luerit:
931 5228 993 5306 pet
1017 5228 1052 5286 ut
1075 5225 1233 5303 petiturus
1258 5225 1307 5297 sit,
1335 5223 1365 5286 id
1390 5243 1409 5286 a
1433 5222 1565 5286 librario
1590 5225 1633 5284 ita
1658 5231 1840 5285 correctum
1866 5225 1917 5295 sit,
1944 5234 1972 5283 ut

1926 5348 1938 5398 1
