4274 5790
334 435 434 501 Acad.
460 438 557 520 prior.
583 437 610 502 ΙΙ
632 434 655 524 ξ
679 429 735 503 67:
761 431 819 504 sed
842 428 922 505 illud
945 440 1099 522 primum,
1124 429 1316 522 sapientem,
1341 431 1369 505 si
1392 432 1610 508 adsensurus
1632 440 1728 520 esset,
1754 436 1851 509 etiam
1869 435 1981 528 opina-

177 547 295 618 turum,
320 541 439 608 falsum
464 563 537 609 esse
561 553 593 610 et
617 543 718 611 Stoici
742 547 855 612 dicunt
877 553 908 612 et
932 566 1046 612 eorum
1069 547 1263 630 astipulator
1285 549 1476 613 Antiochus.

330 667 447 734 Verbis
474 669 573 735 »illud
596 673 757 754 primum»
783 671 967 738 referuntur
983 673 1112 737 animus
1128 678 1160 737 et
1176 674 1328 755 cogitatio
1345 673 1480 755 legentis
1497 674 1537 739 ad
1555 676 1813 757 propositionem
1830 678 1980 759 proxime

172 775 398 839 antecedentis
430 780 735 859 argumentationis:
771 782 798 845 si
822 780 879 845 ulli
902 780 948 844 rei
973 781 1105 862 sapiens
1129 779 1331 845 adsentietur
1352 801 1519 865 umquam,
1544 782 1721 865 aliquando
1746 784 1843 849 etiam
1868 786 1980 867 opina-

170 881 263 946 bitur.
312 884 542 964 Quaerendum
565 894 615 950 est
638 887 742 969 igitur,
768 888 934 971 quomodo
958 888 1041 951 haec
1064 888 1245 970 propositio
1267 890 1404 971 repetita
1428 891 1478 953 sit.
1526 889 1565 954 Et
1588 889 1726 954 fortasse
1750 891 1795 954 ita
1811 892 1978 973 repetitur,

169 995 204 1053 ut
228 991 310 1054 ratio
334 992 494 1057 habeatur
515 995 633 1058 mentis
657 1013 780 1073 eorum,
805 1014 825 1059 a
850 994 968 1078 quibus
992 993 1078 1059 iacta
1097 976 1143 1058 ¹sit
1165 997 1402 1077 argumentatio
1427 997 1445 1060 i.
1467 1015 1494 1060 e.
1515 995 1786 1062 Academicorum
1807 999 1980 1064 Recentio-

169 1116 251 1161 rum.
299 1098 360 1179 Qui
394 1100 525 1183 quidem
562 1121 662 1185 quum
696 1103 862 1179 docerent,
896 1101 976 1166 nihil
1000 1121 1083 1182 esse,
1108 1102 1196 1185 quod
1219 1104 1342 1185 percipi
1366 1111 1487 1186 posset,
1512 1104 1637 1169 nullum
1661 1124 1734 1171 esse
1757 1107 1825 1170 veri
1849 1113 1882 1170 et
1905 1106 1980 1170 lalsi

164 1204 336 1285 judicium,
362 1207 440 1272 illud
465 1207 673 1292 sequebatur,
698 1215 734 1273 ut
756 1210 895 1292 sapienti
920 1211 1028 1292 potius
1051 1228 1182 1274 omnem
1208 1210 1429 1276 cohibendum
1453 1211 1631 1292 adsensum
1654 1218 1807 1295 putarent
1827 1232 1925 1297 quam
1943 1220 1980 1277 ut

168 1312 349 1392 periculum
373 1315 505 1388 subiret,
532 1334 573 1380 ne
597 1317 674 1399 quid
697 1315 916 1381 adsentiretur
939 1324 994 1381 aut
1018 1317 1115 1399 plane
1139 1316 1258 1382 falsum
1282 1326 1339 1382 aut
1361 1325 1449 1383 certe
1466 1320 1677 1401 incognitum.
1712 1318 1761 1384 Ad
1780 1320 1864 1385 hanc
1881 1321 1981 1401 igitur

168 1421 327 1485 rationem
352 1424 600 1489 accommodate
624 1442 780 1506 expressa
803 1425 831 1488 si
855 1425 919 1488 sint
944 1431 1055 1489 nostra
1078 1423 1187 1501 verba,
1206 1425 1249 1489 ita
1270 1425 1465 1508 explicanda
1482 1432 1567 1503 sunt,
1585 1433 1620 1491 ut
1636 1428 1793 1509 sumptio:
1819 1429 1846 1491 si
1863 1428 1979 1492 adsen-

167 1546 264 1592 surus
296 1535 383 1594 esset
415 1549 474 1611 pro
506 1532 693 1613 sumptione
725 1533 772 1596 rei
805 1550 871 1595 non
904 1530 1032 1596 suturae
1056 1531 1223 1608 habeatur,
1258 1535 1312 1598 cui
1336 1535 1535 1616 opponenda
1558 1535 1599 1599 sit
1624 1535 1706 1599 haec
1730 1534 1918 1600 affirmatio:
1944 1543 1980 1598 at

167 1652 346 1718 numquam
371 1637 583 1703 adsentietur.

326 1762 452 1828 Tamen
483 1764 570 1828 haud
604 1765 683 1841 scio,
717 1783 760 1829 an
793 1763 857 1828 alia
891 1764 1075 1846 explicandi
1113 1765 1196 1830 ratio
1230 1765 1332 1847 magis
1358 1772 1437 1848 apta
1459 1766 1633 1848 minusque
1657 1766 1814 1829 arcessita
1836 1767 1887 1829 sit.
1935 1765 1980 1831 Ut

167 1870 246 1933 satis
280 1877 418 1947 constat,
453 1890 520 1937 non
549 1872 726 1937 admodum
750 1890 834 1947 rara,
859 1875 1001 1937 maxime
1024 1873 1112 1955 apud
1136 1871 1340 1948 Ciceronem,
1365 1890 1405 1936 ea
1429 1876 1504 1954 post
1525 1889 1682 1954 praesens
1705 1873 1873 1937 indicativi
1899 1879 1978 1936 tem-

165 1995 281 2057 porum
315 1979 506 2043 consecutio
539 1986 597 2054 est,
632 1985 676 2055 ut,
710 1980 738 2043 si
769 1979 849 2044 illud
882 1998 1048 2062 praesens,
1082 1980 1167 2044 sicut
1190 1980 1243 2044 hic
1267 1980 1311 2057 fn,
1340 1980 1475 2046 inducat
1499 1978 1598 2043 verba
1622 1980 1817 2061 scriptorum
1841 1979 1975 2045 illorum

166 2084 297 2166 quidem
322 2091 536 2164 mortuorum,
561 2086 619 2150 sed
643 2105 783 2169 quorum
807 2086 929 2167 scripta
952 2092 1089 2164 exstent,
1113 2105 1271 2169 praesens
1294 2094 1423 2170 tempus
1446 2086 1537 2150 verbi
1560 2087 1701 2168 regentis
1723 2105 1782 2169 pro
1810 2089 1978 2169 praesenti

166 2191 322 2257 historico
355 2193 544 2275 accipiatur.
592 2191 669 2274 (Cir.
703 2193 838 2258 Kiibner
868 2191 891 2279 ξ
927 2194 998 2269 181,
1025 2194 1101 2275 da).
1154 2194 1245 2275 Quae
1282 2214 1383 2278 quum
1414 2197 1460 2259 ita
1492 2194 1565 2270 sint,
1599 2194 1679 2257 mibi
1709 2194 1839 2258 animus
1872 2195 1978 2276 magis

165 2298 310 2373 inclinat,
335 2306 370 2363 ut
385 2300 528 2372 credam,
546 2300 660 2364 verba:
686 2298 888 2385 sapientem,
912 2299 944 2365 si
958 2297 1176 2367 adsensurus
1194 2305 1289 2378 esset,
1309 2304 1414 2367 ettam
1431 2299 1659 2387 opinaturum
1674 2301 1792 2382 scripta
1809 2318 1882 2364 esse
1899 2320 1975 2382 pro:

167 2402 370 2490 sapientem,
389 2404 421 2470 si
435 2403 655 2472 adsensurus
672 2404 724 2488 sit,
742 2405 847 2472 etiam
865 2404 1100 2492 opinaturum.
1147 2409 1242 2489 Quod
1266 2410 1398 2473 sirecte
1415 2414 1584 2486 statuatur,
1602 2407 1699 2472 simul
1715 2408 1748 2471 id
1765 2425 1805 2472 ex
1821 2407 1977 2473 hocloco

165 2512 331 2589 discimus,
357 2513 501 2579 futurum
525 2515 619 2579 illud:
646 2512 862 2580 adsentietur
883 2516 916 2579 in
934 2515 1109 2580 sententia:
1134 2514 1166 2580 si
1181 2512 1250 2580 ulti
1264 2513 1318 2580 rei
1331 2513 1471 2599 sapiens
1487 2511 1703 2581 adsentietur
1717 2533 1890 2598 umquam
1907 2535 1976 2580 non

164 2639 237 2685 esse
261 2622 468 2691 vertendum:
494 2617 614 2687 luditur
635 2622 686 2687 fiir
708 2625 785 2698 viss,
811 2622 882 2687 sed:
908 2618 1004 2687 sleatt
1027 2630 1082 2705 (=
1106 2621 1177 2709 biir)
1201 2621 1289 2688 hulla
1313 2622 1363 2688 tur
1377 2624 1452 2687 viss.
1484 2623 1518 2687 Si
1535 2624 1622 2688 enim
1639 2621 1851 2703 significaret:
1870 2619 1977 2687 hiller

164 2724 214 2791 ior
237 2729 303 2792 viss
327 2730 345 2792 i.
372 2748 399 2794 e.
425 2730 453 2793 si
476 2735 564 2795 esset
586 2729 666 2794 illud
691 2729 835 2795 futurum
857 2736 1004 2810 tempore
1028 2727 1236 2794 referendum
1259 2729 1301 2794 ad
1324 2728 1461 2793 verbum
1486 2729 1668 2794 sententiae
1692 2730 1882 2812 primariae:
1905 2729 1976 2814 opi·

164 2831 314 2911 nubitur,
332 2838 485 2902 nimirum
501 2839 606 2903 oratio
622 2837 770 2919 pendens
787 2855 853 2901 non
870 2833 1008 2899 formam
1024 2835 1173 2900 haberet:
1192 2832 1223 2899 si
1237 2830 1456 2900 adsensurus
1473 2838 1569 2916 esset,
1586 2835 1658 2899 sed:
1681 2831 1713 2899 si
1728 2830 1973 2904 adsentiretur.

323 2963 416 3028 Finn.
451 2963 504 3041 IV,
537 2961 560 3049 ξ
584 2964 645 3028 62ε,
674 2981 823 3044 rogarem
852 2968 884 3025 te
908 2961 1054 3041 paullum
1078 2963 1144 3027 loci
1167 2962 1256 3038 mibi,
1281 2967 1315 3025 ut
1339 2961 1378 3024 iis
1402 2961 1645 3042 responderem,
1671 2959 1776 3037 dares,
1801 2961 1864 3024 nisi
1887 2969 1920 3025 et
1941 2966 1972 3026 te

163 3070 275 3134 audire
300 3089 387 3135 nunc
413 3071 543 3135 mallem
568 3077 601 3136 et
622 3072 693 3135 istis
717 3076 826 3135 tamen
850 3068 915 3134 alio
939 3075 1086 3151 tempore
1111 3085 1345 3153 responsurus
1369 3085 1489 3149 essem,
1523 3066 1591 3131 tum
1616 3066 1750 3144 scilicet,
1777 3087 1878 3150 quum
1904 3068 1967 3133 tibi.

322 3195 504 3261 Affirmatio
527 3197 692 3279 opposita:
717 3200 750 3260 at
773 3215 845 3259 sum
870 3212 1089 3277 responsurus
1113 3214 1145 3259 o:
1169 3194 1370 3276 respondere
1393 3195 1427 3258 in
1450 3194 1560 3257 animo
1584 3191 1713 3256 habeo..

323 3322 360 3386 N.
386 3321 422 3386 D.
448 3322 498 3398 ΙΙΙ,
523 3320 546 3408 ξ
568 3324 624 3387 77;
650 3329 690 3397 et,
714 3323 742 3386 si
765 3340 878 3385 verum
903 3326 961 3396 est,
988 3320 1075 3403 qnod
1100 3319 1209 3384 Aristo
1226 3319 1327 3385 Chius
1344 3320 1453 3383 dicere
1470 3316 1606 3392 solebat,
1625 3334 1745 3381 nocere
1762 3315 1973 3381 audientibus

162 3427 378 3510 philosophos
412 3430 460 3503 iis,
496 3430 551 3511 qui
581 3429 775 3494 benedicta
799 3427 884 3492 male
908 3429 1207 3509 interpretarentur,
1232 3446 1376 3509 prorsus,
1402 3427 1429 3489 si
1454 3426 1509 3509 qui
1532 3424 1706 3488 audierunt
1727 3424 1835 3490 vitiosi
1860 3429 1976 3488 essent

163 3530 360 3616 discessuri,
398 3536 486 3619 quod
525 3553 678 3618 perverse
716 3535 988 3618 philosophorum
1025 3534 1278 3617 disputationem
1317 3535 1616 3615 interpretarentur,
1651 3537 1759 3597 tacere
1792 3536 1976 3614 praestaret

162 3642 367 3725 philosophis
391 3662 490 3726 quam
514 3645 562 3720 iis,
589 3645 644 3727 qui
668 3662 704 3709 se
727 3643 906 3716 audissent,
932 3659 1061 3706 nocere.

321 3765 376 3832 Sic
408 3774 538 3850 praeter
572 3768 736 3834 Klotzium
771 3766 946 3831 Muellerus
981 3771 1013 3829 et
1047 3764 1298 3831 Schoemannus
1334 3765 1453 3847 legunt.
1514 3762 1694 3845 Madvigius
1718 3769 1837 3844 autem,
1874 3782 1974 3846 quem

161 3874 308 3955 sequitur
324 3873 483 3951 Baiterus,
501 3873 614 3939 verba:
632 3870 740 3958 siqui
755 3871 945 3939 audierunt
961 3911 1003 3919 -
1021 3870 1336 3957 interpretarentur
1349 3873 1444 3936 uncis
1460 3871 1592 3936 seclusit
1612 3877 1709 3954 atque
1726 3889 1799 3951 pro:
1817 3871 1844 3933 si
1859 3889 1973 3935 verum

162 3982 212 4043 est
243 3981 270 4043 si
302 3999 416 4044 verum
451 3986 539 4046 esset
570 3982 743 4063 legendum
777 3986 876 4064 putat.
926 3978 1027 4044 Cuius
1060 3981 1107 4046 rei
1131 3989 1240 4045 nmen
1265 3981 1354 4045 nulla
1378 3998 1480 4045 causa
1503 3997 1576 4043 esse
1605 3979 1741 4043 videtur.
1789 3978 1871 4041 Nam
1896 3978 1974 4042 talis

160 4087 301 4167 protasis
334 4087 564 4171 hypotheticae
597 4091 747 4171 repetitio
780 4094 812 4153 et
835 4106 913 4152 vero
937 4087 1032 4151 aliter
1055 4087 1289 4164 conformatae,
1315 4087 1421 4172 qualis
1446 4087 1498 4150 hic
1522 4091 1581 4163 est,
1606 4104 1625 4149 a
1650 4086 1811 4149 sermonis
1834 4104 1972 4150 consue·

160 4193 272 4257 tudine
297 4191 466 4258 Ciceronis
491 4212 557 4258 non
581 4194 744 4259 abhorret.
793 4194 857 4260 Cir.
884 4192 1107 4259 Schoemanni
1133 4196 1173 4260 ad
1199 4196 1228 4259 b.
1254 4196 1273 4259 l.
1300 4196 1410 4259 adnot.

320 4300 442 4365 Verba:
476 4299 509 4365 si
540 4305 654 4366 essent
677 4300 867 4367 discessuri
896 4301 1025 4379 Moser,
1060 4301 1241 4367 Germanus
1274 4303 1328 4367 ille
1353 4300 1522 4366 Ciceronis
1546 4300 1715 4380 interpres,
1739 4301 1847 4364 vertit:
1872 4318 1972 4365 wenn

159 4409 223 4488 (die
247 4408 405 4492 Zuhtirer)
430 4409 680 4486 herausk'amen,
706 4430 772 4493 qua
795 4411 1061 4491 interpretatione
1085 4411 1173 4474 haud
1189 4411 1258 4474 scio
1276 4428 1318 4473 an
1337 4415 1488 4472 nontam
1511 4412 1639 4469 »essent
1655 4406 1850 4471 discessuri»
1871 4426 1969 4490 quam

165 4516 407 4581 »discederents
434 4518 623 4600 explicetur.
674 4517 923 4582 ›Discederenb
950 4522 1057 4580 autem
1084 4524 1257 4599 propterea
1281 4533 1347 4580 non
1371 4515 1528 4596 scriptum
1549 4531 1622 4578 esse
1640 4514 1777 4591 videtur,
1796 4515 1885 4597 quod
1900 4521 1970 4578 tum

159 4623 337 4704 sumptioni
361 4624 559 4705 opponenda
582 4630 670 4689 esset
693 4625 775 4688 haec
799 4622 986 4688 affirmatio:
1012 4629 1045 4686 at
1069 4643 1135 4688 non
1160 4624 1341 4697 discedunt,
1368 4639 1452 4705 quae
1468 4618 1642 4684 affirmatio
1659 4620 1845 4686 abborreta
1862 4615 1970 4703 priore

159 4729 365 4811 sumptione:
401 4731 428 4794 si
460 4749 575 4795 verum
609 4737 658 4796 est
691 4737 762 4806 etc,
793 4748 858 4813 qua
882 4729 945 4793 hoc
969 4730 1055 4793 idem
1080 4733 1227 4796 sumitur.
1275 4730 1378 4795 Aliter
1401 4746 1454 4792 res
1478 4745 1513 4791 se
1537 4727 1636 4791 habet
1660 4730 1692 4792 in
1717 4730 1915 4812 sumptione:
1942 4729 1970 4792 si

159 4836 336 4902 discessuri
358 4842 477 4912 essent,
503 4839 556 4901 cui
580 4838 745 4901 contraria
768 4837 809 4901 sit
833 4837 914 4901 haec
939 4834 1126 4901 affirmatio:
1152 4843 1185 4901 at
1209 4857 1274 4902 non
1299 4843 1376 4901 sunt
1399 4835 1575 4898 discessuri
1600 4854 1631 4900 o:
1669 4856 1736 4901 non
1759 4846 1810 4901 est
1833 4853 1969 4900 necesse

159 4961 217 5007 eos
250 4943 428 5019 discedere,
464 4961 531 5007 non
565 4950 614 5008 est
647 4943 813 5020 credibile,
848 4961 1001 5025 perverse
1033 4951 1170 5027 accepta
1202 4944 1474 5026 pbilosophorum
1499 4944 1662 5007 sententia
1684 4944 1747 5009 hoc
1772 4940 1969 5008 necessario

159 5048 253 5123 effici,
279 5049 377 5112 etiam
401 5049 428 5112 si
454 5069 702 5134 nonnumquam
727 5050 759 5113 id
784 5048 853 5113 lieri
876 5051 989 5131 possit.

317 5156 488 5221 Postremo
512 5156 687 5232 adnotabo,
712 5156 745 5219 in
770 5155 909 5220 lectione
932 5158 1074 5239 ascripta
1098 5177 1150 5222 mc
1174 5177 1233 5240 pro
1263 5165 1329 5221 sel»
1356 5163 1445 5221 ante:
1471 5155 1503 5222 si
1526 5175 1646 5224 uerum
1671 5161 1722 5222 est
1743 5177 1818 5222 cum
1837 5157 1968 5221 Davisio

157 5272 188 5329 et
214 5264 342 5328 Raitero
369 5269 406 5329 ut
427 5263 637 5329 scribendum
662 5280 808 5340 censere,
834 5281 899 5345 qua
923 5263 1083 5344 particula
1099 5263 1178 5326 illud
1196 5262 1253 5339 sic,
1272 5263 1360 5345 quod
1377 5265 1533 5346 sequitur,
1552 5266 1799 5347 responsionem
1817 5264 1966 5346 accipiat.
