4274 5790
318 433 388 518 Iuli
409 455 528 520 praes.
554 436 595 500 ab
620 437 709 518 impl.
735 437 799 500 ind.
826 437 977 517 pendent.
1003 439 1151 520 sequitur
1175 437 1262 519 impl.
1288 441 1374 520 conj.
1400 436 1456 500 lut.
1483 437 1623 518 periphr.

317 543 384 607 Fat.
419 542 442 629 ξ
475 544 532 607 33;
567 544 677 608 causis
701 544 788 608 enim
813 542 1030 608 efficientibus
1055 563 1219 626 quamque
1243 563 1311 609 rem
1338 544 1476 625 cognitis
1501 561 1598 625 posse
1622 543 1762 625 denique
1786 543 1862 607 sciri
1887 544 1966 626 quid

162 649 303 713 luturum
328 655 424 714 esset.
472 648 529 735 (sc.
555 650 712 715 censebat
736 649 944 736 Carneades).

318 756 368 819 Ab
402 756 543 822 nomiae
567 753 740 841 ocljectt'oo
765 758 884 839 pendet
908 777 959 822 en.
986 759 1224 838 interrogativa.

318 863 370 929 Or.
405 872 479 947 post
512 866 601 929 redit.
638 865 678 929 ad
712 865 799 945 Quir.
834 865 889 928 85:
926 864 971 928 illi
1004 869 1062 945 (sc.
1096 872 1248 946 parentes
1273 866 1335 930 mei
1360 886 1434 948 opp.
1460 884 1528 941 vus,
1554 863 1706 950 Quirites)
1730 865 1808 928 mihi
1834 865 1966 929 tratrem

160 971 359 1052 incognitum
385 971 491 1053 qualis
514 969 657 1052 tuturus
681 975 770 1037 esset
791 972 950 1037 dederunt
976 976 1030 1052 (=
1058 972 1137 1054 pers.
1162 972 1258 1052 bist).

317 1077 523 1142 Vocabulum
558 1098 672 1160 regens
697 1097 824 1144 nomen
848 1075 1014 1143 substant.
1041 1085 1090 1143 est

318 1184 403 1249 Lael.
427 1183 450 1269 ξ
474 1186 530 1249 27:
556 1193 755 1269 quapropter
780 1224 818 1233 -
845 1187 923 1249 mibi
948 1186 1075 1250 videtur
1097 1223 1140 1232 -
1169 1192 1239 1250 orta
1263 1187 1407 1250 amicitia
1430 1185 1648 1268 adplicatione
1673 1189 1775 1268 magis
1799 1189 1897 1251 animi
1924 1227 1965 1234 -

159 1309 256 1371 quam
290 1293 496 1373 cogitatione,
530 1301 688 1376 quantum
722 1294 777 1358 illa
808 1312 861 1358 res
886 1294 1032 1358 utilitatis
1056 1298 1144 1358 esset
1167 1289 1340 1370 habituro,
1365 1296 1420 1374 (=
1445 1294 1575 1358 komme
1599 1300 1645 1357 att
1669 1294 1688 1357 l.
1713 1313 1791 1358 vore
1816 1295 1966 1359 besttimd

159 1405 204 1461 att
228 1399 395 1481 medfiira).

317 1548 504 1617 Praesenti
526 1550 663 1618 indicat.
689 1554 790 1618 utitur
812 1575 862 1620 en.
888 1575 1004 1638 regens

319 1660 407 1723 Fam.
433 1661 513 1736 Vlll,
542 1662 591 1738 10,
619 1662 633 1724 l
658 1661 827 1749 (Caclius):
853 1663 916 1727 hoc
941 1663 1108 1745 quomodo
1132 1661 1320 1745 acciperent
1342 1663 1502 1737 homines,
1528 1683 1625 1746 quam
1651 1660 1830 1742 probabilis
1855 1682 1968 1727 neces-

162 1767 241 1830 sitas
267 1766 387 1832 titturu
411 1771 508 1843 esset,
534 1787 650 1832 vereor
672 1769 769 1833 etiam
795 1790 892 1834 nunc.

320 1875 457 1957 insignis
481 1882 531 1939 est
554 1877 693 1957 primum
719 1879 876 1959 temporis
900 1879 1101 1952 consecutio,
1129 1896 1228 1960 quum
1253 1875 1378 1957 impert.
1405 1881 1489 1960 conj.
1517 1876 1572 1940 fut.
1598 1876 1739 1957 periphr.
1765 1895 1785 1939 a
1800 1879 1969 1957 praesenti

160 1983 225 2049 ind.
259 1982 402 2063 pendere
435 1983 597 2059 videatur3
632 1985 689 2048 sed
722 2004 773 2049 res
808 1986 1034 2049 tantummodo
1067 1985 1196 2048 videtur
1227 1985 1272 2047 ita
1304 2003 1339 2048 se
1364 1983 1494 2047 babere.
1542 1984 1624 2047 Nam
1650 1982 1745 2047 lacile
1769 1985 1899 2047 auditur
1923 1985 1968 2048 ad

165 2108 298 2155 »vereor
322 2091 419 2154 etiam
444 2111 551 2156 nunc»
580 2090 716 2156 verebar
739 2091 757 2155 l.
782 2094 905 2157 veritus
928 2112 1011 2157 sum.
1060 2091 1136 2176 (Cir.
1162 2090 1341 2175 Ktihner§
1368 2092 1438 2165 181,
1465 2089 1545 2176 ab).
1580 2091 1704 2155 Deinde
1725 2092 1969 2156 observandum

161 2203 220 2273 est,
246 2197 278 2260 in
303 2197 431 2262 duabus
455 2197 519 2261 illis
543 2198 853 2279 interrogationibus
877 2199 1029 2281 obliquis,
1055 2218 1193 2281 quarum
1211 2204 1348 2281 utraque
1365 2198 1406 2262 ad
1426 2196 1569 2261 futurum
1587 2204 1721 2278 spectet,
1740 2217 1806 2261 non
1825 2199 1968 2262 eandem

159 2305 249 2368 verbi
284 2305 421 2370 formam
454 2324 527 2370 esse
562 2313 762 2388 usurpatam:
797 2307 985 2387 acciperent
1019 2345 1060 2353 —
1095 2305 1202 2369 lutura
1235 2311 1329 2368 esset.
1387 2303 1493 2388 Atque
1517 2304 1618 2368 verba
1641 2305 1785 2381 timendi,
1811 2306 1899 2389 quod
1923 2308 1968 2370 ad

159 2411 256 2475 luturi
281 2414 437 2494 temporis
461 2414 728 2477 consecutionem
754 2415 877 2489 attinet,
902 2414 1056 2495 conjungi
1082 2432 1179 2494 posse
1204 2418 1235 2476 et
1259 2432 1332 2475 cnm
1353 2412 1457 2476 forma
1477 2413 1711 2494 periplrrastica
1727 2411 1824 2476 lutari
1841 2420 1873 2476 et
1889 2433 1968 2477 cum

158 2520 298 2601 simplici
332 2520 553 2601 conjunctivo,
587 2522 667 2584 satis
701 2527 813 2585 notum
848 2528 905 2584 est.
963 2522 998 2584 ln
1031 2520 1194 2602 prioribus
1225 2519 1294 2601 jam
1318 2520 1530 2601 ascripsimus
1554 2539 1603 2583 ex.
1630 2522 1715 2602 conj.
1742 2521 1797 2584 lut.
1822 2521 1967 2603 periphr.

158 2628 191 2691 in
224 2634 334 2691 enunt.
369 2629 616 2709 interrogativis.
673 2628 707 2692 ln
741 2628 954 2710 sequentibus
978 2627 1208 2691 adnotabimus
1233 2646 1282 2691 ex.
1308 2627 1455 2708 ejusdem
1480 2626 1567 2708 conj.
1593 2626 1689 2690 futuri
1714 2629 1747 2691 in
1771 2635 1852 2693 sent.
1878 2648 1897 2692 a
1922 2649 1970 2693 ne

158 2734 450 2817 proficiscentibus.
500 2735 569 2799 lloc
594 2741 701 2799 autern
727 2734 911 2816 exemplum
939 2734 969 2798 id
994 2733 1092 2798 habet
1115 2736 1293 2816 proprium,
1320 2734 1406 2817 quod
1431 2735 1536 2806 docet,
1562 2736 1659 2797 etiam
1677 2735 1773 2798 simul
1791 2743 1969 2819 utrumque

158 2842 404 2924 conjunctivum
428 2841 577 2906 adbiberi
601 2861 708 2924 posse.

320 2949 472 3014 l'ortasse
504 2949 569 3013 buc
603 2948 809 3014 referendum
844 2954 891 3013 est
925 2949 1023 3012 etiam
1058 2948 1112 3030 Ep.
1145 2948 1185 3011 ad
1220 2950 1278 3028 Qu.
1306 2949 1341 3012 lr.
1368 2947 1417 3023 ΙΙΙ,
1446 2950 1472 3024 1,
1498 2949 1555 3011 24ῑ
1590 2947 1761 3012 mirificum
1787 2948 1965 3015 embolium

158 3058 265 3138 cogito
291 3057 322 3120 in
347 3056 529 3121 secundum
555 3056 711 3120 librorum
736 3076 883 3121 meorum
907 3056 1084 3132 includere,
1104 3057 1264 3120 dicentem
1283 3055 1466 3137 Apollinem
1485 3057 1518 3119 in
1535 3056 1676 3120 concilio
1695 3056 1840 3131 deorum,
1859 3059 1969 3140 qualis

161 3165 284 3230 reditus
317 3165 456 3228 duorum
490 3166 724 3246 imperatorum
756 3168 814 3244 (sc.
850 3163 978 3228 Gabinii
1003 3170 1033 3227 et
1058 3164 1199 3244 Pisonis)
1219 3161 1254 3250 f
1274 3165 1371 3227 turus
1396 3168 1491 3239 essct,
1518 3183 1656 3245 quorum
1682 3163 1763 3228 alter
1785 3166 1968 3230 exercitum

160 3273 363 3354 perdidisset,
388 3271 470 3335 alter
493 3271 702 3336 vendidisset.

319 3397 351 3479 b)
378 3394 516 3482 imperf.
542 3397 627 3478 conj.
654 3396 709 3461 lut.
736 3396 876 3478 periphr.
902 3417 961 3478 pro
985 3397 1071 3478 conj.
1091 3414 1209 3480 praes
1234 3394 1289 3459 lut.
1316 3395 1456 3477 periphr.

321 3508 351 3586 α)
376 3510 509 3586 propter
533 3504 621 3585 leges
644 3505 889 3568 consecutionis
913 3510 1107 3585 temporum.

320 3611 408 3675 Fam.
444 3610 529 3674 Xlll:
564 3611 616 3688 26,
650 3612 684 3674 l:
722 3610 916 3687 Scriberem,
951 3631 1049 3693 quam
1079 3611 1111 3674 id
1136 3610 1330 3675 beneficium
1356 3609 1439 3675 bene
1463 3610 1550 3691 apud
1574 3609 1765 3674 Mescinium
1787 3610 1969 3695 positurus

159 3739 261 3799 esses,
286 3719 347 3783 nisi
373 3724 405 3782 et
428 3725 459 3782 te
483 3718 568 3782 scire
592 3718 790 3783 confiderem
816 3719 950 3783 etmihi
975 3725 1128 3799 peterem.

319 3825 589 3891 Condicionalem
613 3826 624 3889 Ι
649 3827 798 3908 sequitur
820 3826 905 3907 conj.
931 3826 1019 3906 impl.
1046 3826 1101 3889 lut.
1128 3825 1268 3906 periphr.
1294 3827 1392 3890 etiam
1416 3825 1512 3889 Tusc.
1538 3825 1626 3907 Disp.
1652 3826 1663 3888 Ι
1687 3825 1710 3910 ξ
1733 3827 1789 3888 47;
1816 3827 1968 3908 quamvis

159 3936 292 4017 copiose
317 3933 399 3998 baec
423 3933 616 4009 diceremus,
641 3934 668 3996 si
693 3952 745 3997 res
770 3933 959 4014 postularet,
986 3951 1082 4015 quam
1108 3932 1219 4008 multa,
1245 3934 1467 4020 quamnvaria,
1493 3939 1615 4015 quanta
1630 3933 1820 4015 spectacula
1836 3935 1967 3998 animus

159 4043 192 4106 in
217 4041 299 4106 locis
323 4039 521 4106 coelestibus
546 4043 634 4105 essct
656 4035 848 4104 habiturus,

318 4148 408 4212 Fam.
443 4147 493 4223 ΙΙΙ,
527 4147 556 4223 6,
591 4147 625 4212 5:
660 4166 701 4211 ue
735 4147 857 4212 litteras
882 4148 1013 4230 quidem
1040 4147 1123 4211 ullas
1147 4147 1270 4228 accepi,
1296 4166 1380 4229 quae
1404 4165 1456 4210 me
1480 4148 1645 4223 docerent,
1672 4148 1748 4229 quid
1773 4165 1886 4228 ageres
1911 4153 1967 4211 aut

159 4256 215 4320 ubi
240 4261 271 4320 te
299 4252 437 4320 nisurus
461 4274 581 4319 essem.

319 4362 409 4426 Fam.
435 4362 515 4439 Vlll,
541 4362 571 4439 5,
597 4363 616 4427 2
642 4361 807 4448 (Caelius).
855 4361 944 4425 Fam.
971 4361 1022 4437 lX,
1052 4364 1078 4437 1,
1107 4363 1164 4441 l.¹)

320 4469 349 4557 β)
374 4470 462 4552 impl.
489 4490 547 4552 pro
572 4471 735 4553 praesenti
760 4476 893 4552 propter
916 4471 1098 4533 orationem
1117 4469 1205 4533 illam
1223 4469 1434 4550 epistolarum
1453 4469 1627 4549 propriam,
1647 4489 1712 4552 qua
1728 4488 1967 4550 saepenumero

160 4577 284 4661 imperi.
310 4598 369 4659 pro
394 4578 559 4660 praesenti
582 4579 616 4641 in
639 4577 786 4660 epistolis
810 4576 935 4659 legitur.

319 4685 382 4748 nu.
417 4685 467 4761 ΙΙΙ,
502 4687 531 4761 7,
565 4685 600 4749 3:
635 4685 675 4749 de
706 4683 812 4760 tratre,
848 4683 904 4748 ubi
932 4701 1006 4747 eum
1033 4681 1142 4749 uisuri
1165 4702 1327 4761 essemus
1354 4683 1583 4748 nesciebamus
1607 4683 1661 4770 (=
1686 4683 1741 4747 ubi
1766 4702 1841 4747 euru
1865 4684 1966 4748 visuri

159 4793 271 4868 simus,
298 4792 485 4874 nescimus).

319 4899 420 4963 lbdm.
447 4900 516 4976 XV,
542 4901 571 4974 9,
597 4900 631 4962 2:
657 4898 847 4963 dubitabam
871 4903 925 4980 (=
949 4896 1085 4976 dubito),
1111 4905 1145 4961 tu
1169 4898 1229 4962 has
1253 4900 1342 4981 ipsas
1358 4899 1482 4962 litteras
1503 4916 1640 4962 essesne
1656 4901 1710 4978 (=
1729 4898 1829 4978 sisne)
1852 4916 1967 4980 aceep-

160 5013 267 5084 turus,
291 5013 360 5072 erat
384 5008 470 5070 enim
495 5008 655 5072 incertum
678 5011 733 5088 (=
757 5012 807 5071 est
830 5007 917 5071 enim
941 5005 1123 5086 incertum),
1151 5004 1334 5071 visurusne
1358 5013 1388 5070 te
1414 5008 1502 5069 esset
1517 5005 1705 5070 tabellarius
1722 5008 1777 5087 (=
1794 5005 1966 5069 visurusne

161 5121 192 5179 te
216 5115 258 5179 sit
282 5112 493 5193 tabellarius.)

191 5244 205 5249 ..
221 5242 426 5250 ---..-.———-

321 5292 342 5356 ¹)
364 5290 432 5347 vide
452 5305 510 5360 pag.
532 5290 573 5344 18.
