<?xml version="1.0" encoding="UTF-8"?>
<!DOCTYPE html PUBLIC "-//W3C//DTD XHTML 1.0 Transitional//EN"
    "http://www.w3.org/TR/xhtml1/DTD/xhtml1-transitional.dtd">
<html xmlns="http://www.w3.org/1999/xhtml" xml:lang="en" lang="en">
 <head>
  <title>
</title>
<meta http-equiv="Content-Type" content="text/html;charset=utf-8" />
  <meta name='ocr-system' content='tesseract 3.04.00' />
  <meta name='ocr-capabilities' content='ocr_page ocr_carea ocr_par ocr_line ocrx_word'/>
</head>
<body>
  <div class='ocr_page' id='page_1' title='image "./devietusuconjun00lindgoog_0011.png"; bbox 0 0 4274 5790; ppageno 0'>
   <div class='ocr_carea' id='block_1_1' title="bbox 245 256 265 317">
    <p class='ocr_par' dir='ltr' id='par_1_1' title="bbox 245 256 265 317">
     <span class='ocr_line' id='line_1_1' title="bbox 245 256 265 317; baseline 0 0"><span class='ocrx_word' id='word_1_1' title='bbox 245 256 265 317; x_wconf 82' lang='lat'>2</span> 
     </span>
    </p>
   </div>
   <div class='ocr_carea' id='block_1_2' title="bbox 196 432 2018 1703">
    <p class='ocr_par' dir='ltr' id='par_1_2' title="bbox 199 432 2014 605">
     <span class='ocr_line' id='line_1_2' title="bbox 200 432 2014 532; baseline 0.01 -38"><span class='ocrx_word' id='word_1_2' title='bbox 200 432 429 497; x_wconf 78' lang='lat' dir='ltr'>terminatione</span> <span class='ocrx_word' id='word_1_3' title='bbox 467 438 543 499; x_wconf 88' lang='lat' dir='ltr'>-at</span> <span class='ocrx_word' id='word_1_4' title='bbox 574 435 675 512; x_wconf 88' lang='lat' dir='ltr'>verbi,</span> <span class='ocrx_word' id='word_1_5' title='bbox 709 438 797 519; x_wconf 90' lang='lat' dir='ltr'>quod</span> <span class='ocrx_word' id='word_1_6' title='bbox 830 446 880 503; x_wconf 92' lang='lat' dir='ltr'>est</span> <span class='ocrx_word' id='word_1_7' title='bbox 907 444 1014 523; x_wconf 85' lang='lat' dir='ltr'>petat,</span> <span class='ocrx_word' id='word_1_8' title='bbox 1048 441 1082 505; x_wconf 92' lang='lat' dir='ltr'>in</span> <span class='ocrx_word' id='word_1_9' title='bbox 1116 445 1178 507; x_wconf 85' lang='lat' dir='ltr'>aut</span> <span class='ocrx_word' id='word_1_10' title='bbox 1209 450 1333 507; x_wconf 90' lang='lat' dir='ltr'>mutata</span> <span class='ocrx_word' id='word_1_11' title='bbox 1365 442 1526 528; x_wconf 88' lang='lat' dir='ltr'>reliquam</span> <span class='ocrx_word' id='word_1_12' title='bbox 1550 445 1641 509; x_wconf 86' lang='lat' dir='ltr'>verbi</span> <span class='ocrx_word' id='word_1_13' title='bbox 1665 453 1791 528; x_wconf 89' lang='lat' dir='ltr'>partem</span> <span class='ocrx_word' id='word_1_14' title='bbox 1816 449 1849 513; x_wconf 93' lang='lat' dir='ltr'>in</span> <span class='ocrx_word' id='word_1_15' title='bbox 1872 445 2014 532; x_wconf 79' lang='lat' dir='ltr'>petierit</span> 
     </span>
     <span class='ocr_line' id='line_1_3' title="bbox 199 535 1698 605; baseline 0.009 -3"><span class='ocrx_word' id='word_1_16' title='bbox 199 539 454 605; x_wconf 81' lang='lat' dir='ltr'><strong>transformaret.</strong></span> <span class='ocrx_word' id='word_1_17' title='bbox 1695 535 1698 541; x_wconf 40' lang='lat'><strong>¹</strong></span> 
     </span>
    </p>

    <p class='ocr_par' dir='ltr' id='par_1_3' title="bbox 198 646 2018 946">
     <span class='ocr_line' id='line_1_4' title="bbox 359 646 2013 745; baseline 0.01 -34"><span class='ocrx_word' id='word_1_18' title='bbox 359 648 451 712; x_wconf 84' lang='lat' dir='ltr'>Finn.</span> <span class='ocrx_word' id='word_1_19' title='bbox 477 648 504 712; x_wconf 98' lang='lat' dir='ltr'>ll</span> <span class='ocrx_word' id='word_1_20' title='bbox 528 646 551 733; x_wconf 67' lang='grc' dir='ltr'>ξ</span> <span class='ocrx_word' id='word_1_21' title='bbox 577 649 631 714; x_wconf 81' lang='lat'>12:</span> <span class='ocrx_word' id='word_1_22' title='bbox 657 650 774 715; x_wconf 92' lang='lat' dir='ltr'>deinde</span> <span class='ocrx_word' id='word_1_23' title='bbox 800 653 855 735; x_wconf 91' lang='lat' dir='ltr'>qui</span> <span class='ocrx_word' id='word_1_24' title='bbox 879 653 923 728; x_wconf 87' lang='lat' dir='ltr'>fit,</span> <span class='ocrx_word' id='word_1_25' title='bbox 949 662 984 718; x_wconf 92' lang='lat' dir='ltr'>ut</span> <span class='ocrx_word' id='word_1_26' title='bbox 1005 673 1066 736; x_wconf 79' lang='lat' dir='ltr'>ego</span> <span class='ocrx_word' id='word_1_27' title='bbox 1092 657 1248 730; x_wconf 85' lang='lat' dir='ltr'>nesciam,</span> <span class='ocrx_word' id='word_1_28' title='bbox 1272 657 1379 722; x_wconf 90' lang='lat' dir='ltr'>sciant</span> <span class='ocrx_word' id='word_1_29' title='bbox 1403 677 1528 736; x_wconf 89' lang='lat' dir='ltr'>omnes,</span> <span class='ocrx_word' id='word_1_30' title='bbox 1554 660 1751 745; x_wconf 88' lang='lat' dir='ltr'>quicumque</span> <span class='ocrx_word' id='word_1_31' title='bbox 1768 662 1918 744; x_wconf 85' lang='lat' dir='ltr'>Epicurei</span> <span class='ocrx_word' id='word_1_32' title='bbox 1935 681 2013 727; x_wconf 89' lang='lat' dir='ltr'>esse</span> 
     </span>
     <span class='ocr_line' id='line_1_5' title="bbox 199 755 2018 856; baseline 0.009 -38"><span class='ocrx_word' id='word_1_33' title='bbox 199 755 385 820; x_wconf 80' lang='lat' dir='ltr'>voluerint?</span> <span class='ocrx_word' id='word_1_34' title='bbox 418 756 511 836; x_wconf 88' lang='lat' dir='ltr'>Quod</span> <span class='ocrx_word' id='word_1_35' title='bbox 545 759 644 822; x_wconf 87' lang='lat' dir='ltr'>vestri</span> <span class='ocrx_word' id='word_1_36' title='bbox 677 759 808 841; x_wconf 91' lang='lat' dir='ltr'>quidem</span> <span class='ocrx_word' id='word_1_37' title='bbox 843 761 894 826; x_wconf 88' lang='lat' dir='ltr'>vel</span> <span class='ocrx_word' id='word_1_38' title='bbox 928 763 1049 843; x_wconf 90' lang='lat' dir='ltr'>optime</span> <span class='ocrx_word' id='word_1_39' title='bbox 1083 763 1260 845; x_wconf 89' lang='lat' dir='ltr'>disputant,</span> <span class='ocrx_word' id='word_1_40' title='bbox 1294 764 1374 829; x_wconf 87' lang='lat' dir='ltr'>nihil</span> <span class='ocrx_word' id='word_1_41' title='bbox 1408 783 1491 847; x_wconf 88' lang='lat' dir='ltr'>opus</span> <span class='ocrx_word' id='word_1_42' title='bbox 1515 785 1587 831; x_wconf 89' lang='lat' dir='ltr'>esse</span> <span class='ocrx_word' id='word_1_43' title='bbox 1611 785 1696 845; x_wconf 93' lang='lat' dir='ltr'>eum,</span> <span class='ocrx_word' id='word_1_44' title='bbox 1722 771 1778 851; x_wconf 91' lang='lat' dir='ltr'>qui</span> <span class='ocrx_word' id='word_1_45' title='bbox 1790 767 1943 856; x_wconf 79' lang='lat' dir='ltr'>futurus</span> <span class='ocrx_word' id='word_1_46' title='bbox 1967 769 2018 835; x_wconf 82' lang='lat' dir='ltr'>sit</span> 
     </span>
     <span class='ocr_line' id='line_1_6' title="bbox 198 863 691 946; baseline 0.004 -21"><span class='ocrx_word' id='word_1_47' title='bbox 198 863 424 946; x_wconf 90' lang='lat' dir='ltr'>philosophus,</span> <span class='ocrx_word' id='word_1_48' title='bbox 449 865 534 929; x_wconf 88' lang='lat' dir='ltr'>scire</span> <span class='ocrx_word' id='word_1_49' title='bbox 559 864 691 929; x_wconf 76' lang='lat' dir='ltr'>litteras.</span> 
     </span>
    </p>

    <p class='ocr_par' dir='ltr' id='par_1_4' title="bbox 358 970 2010 1063">
     <span class='ocr_line' id='line_1_7' title="bbox 358 970 2010 1063; baseline 0.008 -28"><span class='ocrx_word' id='word_1_50' title='bbox 358 971 453 1035; x_wconf 89' lang='lat' dir='ltr'>Tusc.</span> <span class='ocrx_word' id='word_1_51' title='bbox 473 971 562 1054; x_wconf 88' lang='lat' dir='ltr'>Disp.</span> <span class='ocrx_word' id='word_1_52' title='bbox 580 971 592 1035; x_wconf 89' lang='grc' dir='ltr'>Ι</span> <span class='ocrx_word' id='word_1_53' title='bbox 608 970 631 1057; x_wconf 63' lang='grc' dir='ltr'><strong>ξ</strong></span> <span class='ocrx_word' id='word_1_54' title='bbox 648 971 704 1035; x_wconf 86' lang='grc'>96;</span> <span class='ocrx_word' id='word_1_55' title='bbox 730 971 846 1037; x_wconf 90' lang='lat' dir='ltr'>Graeci</span> <span class='ocrx_word' id='word_1_56' title='bbox 862 976 950 1038; x_wconf 93' lang='lat' dir='ltr'>enim</span> <span class='ocrx_word' id='word_1_57' title='bbox 967 976 1000 1040; x_wconf 95' lang='lat' dir='ltr'>in</span> <span class='ocrx_word' id='word_1_58' title='bbox 1017 978 1177 1042; x_wconf 88' lang='lat' dir='ltr'>conviviis</span> <span class='ocrx_word' id='word_1_59' title='bbox 1196 978 1304 1044; x_wconf 90' lang='lat' dir='ltr'>solent</span> <span class='ocrx_word' id='word_1_60' title='bbox 1320 980 1491 1044; x_wconf 90' lang='lat' dir='ltr'>nominare</span> <span class='ocrx_word' id='word_1_61' title='bbox 1509 982 1562 1044; x_wconf 91' lang='lat' dir='ltr'>cui</span> <span class='ocrx_word' id='word_1_62' title='bbox 1578 981 1734 1063; x_wconf 89' lang='lat' dir='ltr'>poculum</span> <span class='ocrx_word' id='word_1_63' title='bbox 1752 981 1917 1048; x_wconf 82' lang='lat' dir='ltr'>tradituri</span> <span class='ocrx_word' id='word_1_64' title='bbox 1930 981 2010 1049; x_wconf 84' lang='lat' dir='ltr'>sint.</span> 
     </span>
    </p>

    <p class='ocr_par' dir='ltr' id='par_1_5' title="bbox 197 1077 2013 1274">
     <span class='ocr_line' id='line_1_8' title="bbox 360 1077 2013 1172; baseline 0.008 -31"><span class='ocrx_word' id='word_1_65' title='bbox 360 1077 538 1142; x_wconf 90' lang='lat' dir='ltr'>Nominare</span> <span class='ocrx_word' id='word_1_66' title='bbox 563 1097 609 1142; x_wconf 87' lang='lat' dir='ltr'>sc.</span> <span class='ocrx_word' id='word_1_67' title='bbox 636 1096 720 1142; x_wconf 89' lang='lat' dir='ltr'>eum.</span> <span class='ocrx_word' id='word_1_68' title='bbox 747 1078 840 1162; x_wconf 88' lang='lat' dir='ltr'>Conj.</span> <span class='ocrx_word' id='word_1_69' title='bbox 865 1099 925 1163; x_wconf 88' lang='lat' dir='ltr'>per</span> <span class='ocrx_word' id='word_1_70' title='bbox 948 1083 1036 1147; x_wconf 95' lang='lat' dir='ltr'>modi</span> <span class='ocrx_word' id='word_1_71' title='bbox 1061 1085 1290 1150; x_wconf 82' lang='lat' dir='ltr'>attractionem</span> <span class='ocrx_word' id='word_1_72' title='bbox 1314 1088 1441 1169; x_wconf 90' lang='lat' dir='ltr'>positus</span> <span class='ocrx_word' id='word_1_73' title='bbox 1464 1095 1523 1151; x_wconf 87' lang='lat' dir='ltr'>est.</span> <span class='ocrx_word' id='word_1_74' title='bbox 1559 1087 1623 1153; x_wconf 90' lang='lat' dir='ltr'>Pro</span> <span class='ocrx_word' id='word_1_75' title='bbox 1640 1090 1833 1172; x_wconf 82' lang='lat' dir='ltr'>quaestione</span> <span class='ocrx_word' id='word_1_76' title='bbox 1849 1090 2013 1156; x_wconf 88' lang='lat' dir='ltr'>indirecta</span> 
     </span>
     <span class='ocr_line' id='line_1_9' title="bbox 197 1183 1203 1274; baseline 0.006 -24"><span class='ocrx_word' id='word_1_77' title='bbox 197 1186 283 1251; x_wconf 89' lang='lat' dir='ltr'>hanc</span> <span class='ocrx_word' id='word_1_78' title='bbox 307 1187 504 1252; x_wconf 87' lang='lat' dir='ltr'>sententiam</span> <span class='ocrx_word' id='word_1_79' title='bbox 528 1185 628 1250; x_wconf 89' lang='lat' dir='ltr'>habet</span> <span class='ocrx_word' id='word_1_80' title='bbox 651 1183 790 1270; x_wconf 83' lang='lat' dir='ltr'>Hoppe,</span> <span class='ocrx_word' id='word_1_81' title='bbox 815 1188 873 1251; x_wconf 93' lang='lat' dir='ltr'>der</span> <span class='ocrx_word' id='word_1_82' title='bbox 897 1188 989 1273; x_wconf 81' lang='lat' dir='ltr'>Conj,</span> <span class='ocrx_word' id='word_1_83' title='bbox 1012 1196 1073 1256; x_wconf 90' lang='lat' dir='ltr'>etc.</span> <span class='ocrx_word' id='word_1_84' title='bbox 1097 1212 1147 1274; x_wconf 81' lang='lat' dir='ltr'>pg.</span> <span class='ocrx_word' id='word_1_85' title='bbox 1174 1193 1203 1256; x_wconf 86' lang='lat'>7.</span> 
     </span>
    </p>

    <p class='ocr_par' dir='ltr' id='par_1_6' title="bbox 197 1293 2011 1488">
     <span class='ocr_line' id='line_1_10' title="bbox 357 1293 2011 1387; baseline 0.007 -29"><span class='ocrx_word' id='word_1_86' title='bbox 357 1293 570 1378; x_wconf 77' lang='lat' dir='ltr'>interrogatio</span> <span class='ocrx_word' id='word_1_87' title='bbox 604 1302 714 1360; x_wconf 93' lang='lat' dir='ltr'>autem</span> <span class='ocrx_word' id='word_1_88' title='bbox 739 1295 899 1362; x_wconf 89' lang='lat' dir='ltr'>indirecta</span> <span class='ocrx_word' id='word_1_89' title='bbox 923 1316 995 1362; x_wconf 87' lang='lat' dir='ltr'>esse</span> <span class='ocrx_word' id='word_1_90' title='bbox 1020 1317 1087 1363; x_wconf 93' lang='lat' dir='ltr'>non</span> <span class='ocrx_word' id='word_1_91' title='bbox 1111 1306 1219 1381; x_wconf 90' lang='lat' dir='ltr'>potest</span> <span class='ocrx_word' id='word_1_92' title='bbox 1242 1302 1405 1366; x_wconf 89' lang='lat' dir='ltr'>sententia</span> <span class='ocrx_word' id='word_1_93' title='bbox 1428 1320 1448 1365; x_wconf 90' lang='lat' dir='ltr'>a</span> <span class='ocrx_word' id='word_1_94' title='bbox 1472 1299 1530 1366; x_wconf 82' lang='lat' dir='ltr'>cui</span> <span class='ocrx_word' id='word_1_95' title='bbox 1551 1303 1711 1385; x_wconf 88' lang='lat' dir='ltr'>incipiens</span> <span class='ocrx_word' id='word_1_96' title='bbox 1735 1310 1869 1386; x_wconf 84' lang='lat' dir='ltr'>propter</span> <span class='ocrx_word' id='word_1_97' title='bbox 1891 1304 2011 1387; x_wconf 82' lang='lat' dir='ltr'>signifi-</span> 
     </span>
     <span class='ocr_line' id='line_1_11' title="bbox 197 1400 1307 1488; baseline 0.003 -20"><span class='ocrx_word' id='word_1_98' title='bbox 197 1404 361 1468; x_wconf 87' lang='lat' dir='ltr'>cationem</span> <span class='ocrx_word' id='word_1_99' title='bbox 380 1400 477 1483; x_wconf 80' lang='lat' dir='ltr'>¹verbi</span> <span class='ocrx_word' id='word_1_100' title='bbox 500 1402 693 1468; x_wconf 89' lang='lat' dir='ltr'>nominandi</span> <span class='ocrx_word' id='word_1_101' title='bbox 717 1422 750 1466; x_wconf 85' lang='lat' dir='ltr'>o:</span> <span class='ocrx_word' id='word_1_102' title='bbox 777 1422 897 1469; x_wconf 90' lang='lat' dir='ltr'>nomen</span> <span class='ocrx_word' id='word_1_103' title='bbox 920 1405 1061 1470; x_wconf 89' lang='lat' dir='ltr'>alicuius</span> <span class='ocrx_word' id='word_1_104' title='bbox 1085 1409 1307 1488; x_wconf 88' lang='lat' dir='ltr'>pronuntiare.</span> 
     </span>
    </p>

    <p class='ocr_par' dir='ltr' id='par_1_7' title="bbox 196 1509 2012 1703">
     <span class='ocr_line' id='line_1_12' title="bbox 357 1509 2012 1604; baseline 0.004 -28"><span class='ocrx_word' id='word_1_105' title='bbox 357 1514 429 1594; x_wconf 78' lang='lat' dir='ltr'>(Qu.</span> <span class='ocrx_word' id='word_1_106' title='bbox 455 1511 536 1592; x_wconf 86' lang='lat' dir='ltr'>Cic.)</span> <span class='ocrx_word' id='word_1_107' title='bbox 582 1512 629 1577; x_wconf 90' lang='lat' dir='ltr'>De</span> <span class='ocrx_word' id='word_1_108' title='bbox 654 1511 721 1577; x_wconf 91' lang='lat' dir='ltr'>Pet.</span> <span class='ocrx_word' id='word_1_109' title='bbox 747 1509 881 1576; x_wconf 90' lang='lat' dir='ltr'>Consul.</span> <span class='ocrx_word' id='word_1_110' title='bbox 907 1510 930 1598; x_wconf 64' lang='grc' dir='ltr'><strong>ξ</strong></span> <span class='ocrx_word' id='word_1_111' title='bbox 950 1512 1007 1577; x_wconf 77' lang='lat'>45:</span> <span class='ocrx_word' id='word_1_112' title='bbox 1033 1513 1097 1578; x_wconf 90' lang='lat' dir='ltr'>hoc</span> <span class='ocrx_word' id='word_1_113' title='bbox 1115 1515 1246 1598; x_wconf 92' lang='lat' dir='ltr'>quidem</span> <span class='ocrx_word' id='word_1_114' title='bbox 1264 1514 1359 1580; x_wconf 83' lang='lat' dir='ltr'>facile</span> <span class='ocrx_word' id='word_1_115' title='bbox 1376 1524 1587 1599; x_wconf 88' lang='lat' dir='ltr'>praeceptum</span> <span class='ocrx_word' id='word_1_116' title='bbox 1604 1525 1663 1593; x_wconf 89' lang='lat' dir='ltr'>est,</span> <span class='ocrx_word' id='word_1_117' title='bbox 1681 1526 1725 1595; x_wconf 91' lang='lat' dir='ltr'>ut,</span> <span class='ocrx_word' id='word_1_118' title='bbox 1745 1515 2012 1604; x_wconf 82' lang='lat' dir='ltr'>quodfacturus</span> 
     </span>
     <span class='ocr_line' id='line_1_13' title="bbox 196 1618 1009 1703; baseline -0.001 -19"><span class='ocrx_word' id='word_1_119' title='bbox 196 1619 253 1702; x_wconf 85' lang='lat' dir='ltr'>sis,</span> <span class='ocrx_word' id='word_1_120' title='bbox 279 1621 310 1684; x_wconf 91' lang='lat' dir='ltr'>id</span> <span class='ocrx_word' id='word_1_121' title='bbox 334 1620 498 1703; x_wconf 81' lang='lat' dir='ltr'>significes</span> <span class='ocrx_word' id='word_1_122' title='bbox 521 1627 553 1684; x_wconf 89' lang='lat' dir='ltr'>te</span> <span class='ocrx_word' id='word_1_123' title='bbox 578 1618 717 1684; x_wconf 87' lang='lat' dir='ltr'>libenter</span> <span class='ocrx_word' id='word_1_124' title='bbox 740 1637 813 1684; x_wconf 90' lang='lat' dir='ltr'>esse</span> <span class='ocrx_word' id='word_1_125' title='bbox 837 1619 1009 1684; x_wconf 86' lang='lat' dir='ltr'>iacturum.</span> 
     </span>
    </p>
   </div>
   <div class='ocr_carea' id='block_1_3' title="bbox 195 1833 2007 2454">
    <p class='ocr_par' dir='ltr' id='par_1_8' title="bbox 196 1833 2005 2008">
     <span class='ocr_line' id='line_1_14' title="bbox 356 1833 2005 1922; baseline 0.003 -23"><span class='ocrx_word' id='word_1_126' title='bbox 356 1835 388 1917; x_wconf 81' lang='lat'>2)</span> <span class='ocrx_word' id='word_1_127' title='bbox 421 1834 468 1899; x_wconf 91' lang='lat' dir='ltr'>De</span> <span class='ocrx_word' id='word_1_128' title='bbox 501 1852 552 1912; x_wconf 91' lang='lat' dir='ltr'>eo,</span> <span class='ocrx_word' id='word_1_129' title='bbox 587 1833 675 1917; x_wconf 95' lang='lat' dir='ltr'>quod</span> <span class='ocrx_word' id='word_1_130' title='bbox 699 1834 739 1898; x_wconf 90' lang='lat' dir='ltr'>de</span> <span class='ocrx_word' id='word_1_131' title='bbox 764 1834 872 1899; x_wconf 84' lang='lat' dir='ltr'>tuturo</span> <span class='ocrx_word' id='word_1_132' title='bbox 897 1835 942 1898; x_wconf 89' lang='lat' dir='ltr'>ita</span> <span class='ocrx_word' id='word_1_133' title='bbox 965 1836 1203 1917; x_wconf 89' lang='lat' dir='ltr'>pronuntiatur,</span> <span class='ocrx_word' id='word_1_134' title='bbox 1228 1843 1264 1901; x_wconf 93' lang='lat' dir='ltr'>ut</span> <span class='ocrx_word' id='word_1_135' title='bbox 1287 1844 1377 1902; x_wconf 88' lang='lat' dir='ltr'>certa</span> <span class='ocrx_word' id='word_1_136' title='bbox 1399 1837 1511 1921; x_wconf 89' lang='lat' dir='ltr'>aliqua</span> <span class='ocrx_word' id='word_1_137' title='bbox 1533 1840 1616 1902; x_wconf 90' lang='lat' dir='ltr'>ratio</span> <span class='ocrx_word' id='word_1_138' title='bbox 1641 1847 1815 1921; x_wconf 82' lang='lat' dir='ltr'>spectetur,</span> <span class='ocrx_word' id='word_1_139' title='bbox 1840 1840 1882 1904; x_wconf 88' lang='lat' dir='ltr'>ad</span> <span class='ocrx_word' id='word_1_140' title='bbox 1907 1858 2005 1922; x_wconf 88' lang='lat' dir='ltr'>quam</span> 
     </span>
     <span class='ocr_line' id='line_1_15' title="bbox 196 1942 362 2008; baseline -0.012 0"><span class='ocrx_word' id='word_1_141' title='bbox 196 1942 362 2008; x_wconf 78' lang='lat' dir='ltr'>referatur.</span> 
     </span>
    </p>

    <p class='ocr_par' dir='ltr' id='par_1_9' title="bbox 355 2048 2004 2136">
     <span class='ocr_line' id='line_1_16' title="bbox 355 2048 2004 2136; baseline 0.001 -22"><span class='ocrx_word' id='word_1_142' title='bbox 355 2050 419 2114; x_wconf 91' lang='lat' dir='ltr'>Pro</span> <span class='ocrx_word' id='word_1_143' title='bbox 443 2056 560 2114; x_wconf 88' lang='lat' dir='ltr'>natura</span> <span class='ocrx_word' id='word_1_144' title='bbox 584 2057 617 2113; x_wconf 90' lang='lat' dir='ltr'>et</span> <span class='ocrx_word' id='word_1_145' title='bbox 639 2050 670 2112; x_wconf 90' lang='lat' dir='ltr'>vi</span> <span class='ocrx_word' id='word_1_146' title='bbox 695 2048 792 2113; x_wconf 92' lang='lat' dir='ltr'>huius</span> <span class='ocrx_word' id='word_1_147' title='bbox 815 2050 952 2114; x_wconf 88' lang='lat' dir='ltr'>rationis</span> <span class='ocrx_word' id='word_1_148' title='bbox 976 2051 1065 2114; x_wconf 88' lang='lat' dir='ltr'>varie</span> <span class='ocrx_word' id='word_1_149' title='bbox 1091 2050 1167 2129; x_wconf 82' lang='lat' dir='ltr'>licet</span> <span class='ocrx_word' id='word_1_150' title='bbox 1190 2058 1316 2116; x_wconf 90' lang='lat' dir='ltr'>vertere</span> <span class='ocrx_word' id='word_1_151' title='bbox 1340 2051 1529 2116; x_wconf 90' lang='lat' dir='ltr'>huiusmodi</span> <span class='ocrx_word' id='word_1_152' title='bbox 1554 2051 1696 2117; x_wconf 89' lang='lat' dir='ltr'>luturum</span> <span class='ocrx_word' id='word_1_153' title='bbox 1722 2053 2004 2136; x_wconf 89' lang='lat' dir='ltr'>periphrasticum.</span> 
     </span>
    </p>

    <p class='ocr_par' dir='ltr' id='par_1_10' title="bbox 355 2155 1183 2240">
     <span class='ocr_line' id='line_1_17' title="bbox 355 2155 1183 2240; baseline -0.001 -18"><span class='ocrx_word' id='word_1_154' title='bbox 355 2157 402 2222; x_wconf 91' lang='lat' dir='ltr'>De</span> <span class='ocrx_word' id='word_1_155' title='bbox 426 2175 476 2235; x_wconf 90' lang='lat' dir='ltr'>eo,</span> <span class='ocrx_word' id='word_1_156' title='bbox 503 2156 591 2240; x_wconf 92' lang='lat' dir='ltr'>quod</span> <span class='ocrx_word' id='word_1_157' title='bbox 616 2155 760 2221; x_wconf 88' lang='lat' dir='ltr'>futurum</span> <span class='ocrx_word' id='word_1_158' title='bbox 784 2175 857 2222; x_wconf 89' lang='lat' dir='ltr'>esse</span> <span class='ocrx_word' id='word_1_159' title='bbox 881 2157 1036 2222; x_wconf 90' lang='lat' dir='ltr'>concludi</span> <span class='ocrx_word' id='word_1_160' title='bbox 1060 2165 1183 2239; x_wconf 88' lang='lat' dir='ltr'>potest:</span> 
     </span>
    </p>

    <p class='ocr_par' dir='ltr' id='par_1_11' title="bbox 195 2262 2007 2454">
     <span class='ocr_line' id='line_1_18' title="bbox 356 2262 2007 2354; baseline 0.002 -26"><span class='ocrx_word' id='word_1_161' title='bbox 356 2265 461 2328; x_wconf 89' lang='lat' dir='ltr'>Divin.</span> <span class='ocrx_word' id='word_1_162' title='bbox 488 2263 513 2327; x_wconf 95' lang='lat' dir='ltr'>ll</span> <span class='ocrx_word' id='word_1_163' title='bbox 538 2262 560 2349; x_wconf 66' lang='grc' dir='ltr'><em>ξ</em></span> <span class='ocrx_word' id='word_1_164' title='bbox 586 2263 640 2327; x_wconf 85' lang='grc'>15;</span> <span class='ocrx_word' id='word_1_165' title='bbox 666 2269 816 2345; x_wconf 90' lang='lat' dir='ltr'>potestne</span> <span class='ocrx_word' id='word_1_166' title='bbox 840 2264 937 2346; x_wconf 83' lang='lat' dir='ltr'>igitur</span> <span class='ocrx_word' id='word_1_167' title='bbox 960 2282 1072 2328; x_wconf 88' lang='lat' dir='ltr'>earum</span> <span class='ocrx_word' id='word_1_168' title='bbox 1097 2283 1216 2342; x_wconf 85' lang='lat' dir='ltr'>rerum,</span> <span class='ocrx_word' id='word_1_169' title='bbox 1242 2283 1327 2349; x_wconf 91' lang='lat' dir='ltr'>quae</span> <span class='ocrx_word' id='word_1_170' title='bbox 1343 2265 1423 2330; x_wconf 91' lang='lat' dir='ltr'>nihil</span> <span class='ocrx_word' id='word_1_171' title='bbox 1440 2266 1563 2330; x_wconf 92' lang='lat' dir='ltr'>habent</span> <span class='ocrx_word' id='word_1_172' title='bbox 1579 2268 1715 2332; x_wconf 91' lang='lat' dir='ltr'>rationis</span> <span class='ocrx_word' id='word_1_173' title='bbox 1732 2286 1796 2351; x_wconf 87' lang='lat' dir='ltr'>qun</span> <span class='ocrx_word' id='word_1_174' title='bbox 1813 2264 2007 2354; x_wconf 80' lang='lat' dir='ltr'>refutarac</span> 
     </span>
     <span class='ocr_line' id='line_1_19' title="bbox 195 2371 700 2454; baseline -0.006 -17"><span class='ocrx_word' id='word_1_175' title='bbox 195 2372 272 2450; x_wconf 86' lang='lat' dir='ltr'>sint,</span> <span class='ocrx_word' id='word_1_176' title='bbox 297 2392 371 2438; x_wconf 88' lang='lat' dir='ltr'>esse</span> <span class='ocrx_word' id='word_1_177' title='bbox 395 2372 462 2437; x_wconf 90' lang='lat' dir='ltr'>ulla</span> <span class='ocrx_word' id='word_1_178' title='bbox 484 2371 700 2454; x_wconf 80' lang='lat' dir='ltr'>praesensio?</span> 
     </span>
    </p>
   </div>
   <div class='ocr_carea' id='block_1_4' title="bbox 355 2477 2110 2565">
    <p class='ocr_par' dir='ltr' id='par_1_12' title="bbox 355 2477 2110 2565">
     <span class='ocr_line' id='line_1_20' title="bbox 355 2477 2110 2565; baseline 0.002 -22"><span class='ocrx_word' id='word_1_179' title='bbox 355 2480 456 2544; x_wconf 94' lang='lat' dir='ltr'>lbdm.</span> <span class='ocrx_word' id='word_1_180' title='bbox 481 2477 504 2564; x_wconf 67' lang='grc' dir='ltr'>ξ</span> <span class='ocrx_word' id='word_1_181' title='bbox 530 2479 584 2542; x_wconf 81' lang='lat'>17:</span> <span class='ocrx_word' id='word_1_182' title='bbox 623 2479 678 2561; x_wconf 91' lang='lat' dir='ltr'>qui</span> <span class='ocrx_word' id='word_1_183' title='bbox 702 2484 810 2561; x_wconf 92' lang='lat' dir='ltr'>potest</span> <span class='ocrx_word' id='word_1_184' title='bbox 833 2479 996 2560; x_wconf 87' lang='lat' dir='ltr'>provideri</span> <span class='ocrx_word' id='word_1_185' title='bbox 1023 2480 1201 2564; x_wconf 90' lang='lat' dir='ltr'>quidquam</span> <span class='ocrx_word' id='word_1_186' title='bbox 1227 2479 1371 2545; x_wconf 88' lang='lat' dir='ltr'>futurum</span> <span class='ocrx_word' id='word_1_187' title='bbox 1395 2498 1479 2557; x_wconf 89' lang='lat' dir='ltr'>esse,</span> <span class='ocrx_word' id='word_1_188' title='bbox 1505 2481 1593 2565; x_wconf 93' lang='lat' dir='ltr'>quod</span> <span class='ocrx_word' id='word_1_189' title='bbox 1617 2500 1724 2565; x_wconf 91' lang='lat' dir='ltr'>neque</span> <span class='ocrx_word' id='word_1_190' title='bbox 1748 2501 1882 2546; x_wconf 89' lang='lat' dir='ltr'>causam</span> <span class='ocrx_word' id='word_1_191' title='bbox 1907 2481 2006 2546; x_wconf 90' lang='lat' dir='ltr'>habet</span> <span class='ocrx_word' id='word_1_192' title='bbox 2107 2512 2110 2517; x_wconf 93' lang='lat'>·</span> 
     </span>
    </p>
   </div>
   <div class='ocr_carea' id='block_1_5' title="bbox 188 2582 2006 5352">
    <p class='ocr_par' dir='ltr' id='par_1_13' title="bbox 195 2582 919 2672">
     <span class='ocr_line' id='line_1_21' title="bbox 195 2582 919 2672; baseline -0.008 -17"><span class='ocrx_word' id='word_1_193' title='bbox 195 2590 294 2655; x_wconf 93' lang='lat' dir='ltr'>ullam</span> <span class='ocrx_word' id='word_1_194' title='bbox 320 2607 426 2672; x_wconf 91' lang='lat' dir='ltr'>neque</span> <span class='ocrx_word' id='word_1_195' title='bbox 450 2593 562 2651; x_wconf 89' lang='lat' dir='ltr'>notam</span> <span class='ocrx_word' id='word_1_196' title='bbox 587 2605 646 2650; x_wconf 92' lang='lat' dir='ltr'>cur</span> <span class='ocrx_word' id='word_1_197' title='bbox 657 2582 829 2672; x_wconf 81' lang='lat' dir='ltr'>suturam</span> <span class='ocrx_word' id='word_1_198' title='bbox 852 2584 919 2651; x_wconf 74' lang='lat' dir='ltr'>sit?</span> 
     </span>
    </p>

    <p class='ocr_par' dir='ltr' id='par_1_14' title="bbox 356 2693 1782 2779">
     <span class='ocr_line' id='line_1_22' title="bbox 356 2693 1782 2779; baseline -0.001 -19"><span class='ocrx_word' id='word_1_199' title='bbox 356 2697 402 2760; x_wconf 91' lang='lat' dir='ltr'>De</span> <span class='ocrx_word' id='word_1_200' title='bbox 426 2713 477 2772; x_wconf 88' lang='lat' dir='ltr'>en,</span> <span class='ocrx_word' id='word_1_201' title='bbox 503 2694 592 2778; x_wconf 92' lang='lat' dir='ltr'>quod</span> <span class='ocrx_word' id='word_1_202' title='bbox 616 2693 761 2758; x_wconf 87' lang='lat' dir='ltr'>futurum</span> <span class='ocrx_word' id='word_1_203' title='bbox 785 2712 858 2759; x_wconf 89' lang='lat' dir='ltr'>esse</span> <span class='ocrx_word' id='word_1_204' title='bbox 882 2700 1007 2759; x_wconf 87' lang='lat' dir='ltr'>certum</span> <span class='ocrx_word' id='word_1_205' title='bbox 1032 2704 1064 2760; x_wconf 89' lang='lat' dir='ltr'>et</span> <span class='ocrx_word' id='word_1_206' title='bbox 1087 2703 1200 2760; x_wconf 92' lang='lat' dir='ltr'>notum</span> <span class='ocrx_word' id='word_1_207' title='bbox 1225 2701 1283 2771; x_wconf 87' lang='lat' dir='ltr'>est,</span> <span class='ocrx_word' id='word_1_208' title='bbox 1308 2696 1450 2776; x_wconf 90' lang='lat' dir='ltr'>positum</span> <span class='ocrx_word' id='word_1_209' title='bbox 1476 2703 1526 2760; x_wconf 91' lang='lat' dir='ltr'>est</span> <span class='ocrx_word' id='word_1_210' title='bbox 1548 2694 1605 2761; x_wconf 86' lang='lat' dir='ltr'>lut.</span> <span class='ocrx_word' id='word_1_211' title='bbox 1631 2697 1782 2779; x_wconf 87' lang='lat' dir='ltr'>periphr.:</span> 
     </span>
    </p>

    <p class='ocr_par' dir='ltr' id='par_1_15' title="bbox 354 2799 1863 2887">
     <span class='ocr_line' id='line_1_23' title="bbox 354 2799 1863 2887; baseline 0.001 -20"><span class='ocrx_word' id='word_1_212' title='bbox 354 2803 442 2867; x_wconf 90' lang='lat' dir='ltr'>Brut.</span> <span class='ocrx_word' id='word_1_213' title='bbox 466 2800 489 2887; x_wconf 63' lang='grc' dir='ltr'><strong>ξ</strong></span> <span class='ocrx_word' id='word_1_214' title='bbox 514 2801 592 2865; x_wconf 80' lang='lat'>290:</span> <span class='ocrx_word' id='word_1_215' title='bbox 618 2820 719 2884; x_wconf 92' lang='lat' dir='ltr'>quum</span> <span class='ocrx_word' id='word_1_216' title='bbox 743 2803 914 2884; x_wconf 72' lang='lat' dir='ltr'>surgatis</span> <span class='ocrx_word' id='word_1_217' title='bbox 940 2803 996 2885; x_wconf 92' lang='lat' dir='ltr'>qui</span> <span class='ocrx_word' id='word_1_218' title='bbox 1020 2799 1176 2868; x_wconf 83' lang='lat' dir='ltr'>dicturus</span> <span class='ocrx_word' id='word_1_219' title='bbox 1200 2801 1251 2878; x_wconf 87' lang='lat' dir='ltr'>sit,</span> <span class='ocrx_word' id='word_1_220' title='bbox 1276 2801 1476 2884; x_wconf 82' lang='lat' dir='ltr'>significetur</span> <span class='ocrx_word' id='word_1_221' title='bbox 1499 2822 1519 2867; x_wconf 98' lang='lat' dir='ltr'>a</span> <span class='ocrx_word' id='word_1_222' title='bbox 1542 2822 1666 2868; x_wconf 89' lang='lat' dir='ltr'>corona</span> <span class='ocrx_word' id='word_1_223' title='bbox 1688 2803 1863 2869; x_wconf 90' lang='lat' dir='ltr'>silentium.</span> 
     </span>
    </p>

    <p class='ocr_par' dir='ltr' id='par_1_16' title="bbox 360 2908 1063 2993">
     <span class='ocr_line' id='line_1_24' title="bbox 360 2908 1063 2993; baseline -0.001 -19"><span class='ocrx_word' id='word_1_224' title='bbox 360 2929 393 2974; x_wconf 85' lang='lat' dir='ltr'>o:</span> <span class='ocrx_word' id='word_1_225' title='bbox 419 2928 516 2993; x_wconf 92' lang='lat' dir='ltr'>quem</span> <span class='ocrx_word' id='word_1_226' title='bbox 542 2908 705 2973; x_wconf 89' lang='lat' dir='ltr'>dicturum</span> <span class='ocrx_word' id='word_1_227' title='bbox 729 2926 802 2973; x_wconf 90' lang='lat' dir='ltr'>esse</span> <span class='ocrx_word' id='word_1_228' title='bbox 826 2909 908 2973; x_wconf 91' lang='lat' dir='ltr'>sciat</span> <span class='ocrx_word' id='word_1_229' title='bbox 932 2928 1063 2975; x_wconf 88' lang='lat' dir='ltr'>corona.</span> 
     </span>
    </p>

    <p class='ocr_par' dir='ltr' id='par_1_17' title="bbox 192 3015 2005 3209">
     <span class='ocr_line' id='line_1_25' title="bbox 355 3015 2005 3100; baseline 0.001 -19"><span class='ocrx_word' id='word_1_230' title='bbox 355 3018 401 3081; x_wconf 90' lang='lat' dir='ltr'>De</span> <span class='ocrx_word' id='word_1_231' title='bbox 425 3035 475 3092; x_wconf 88' lang='lat' dir='ltr'>en,</span> <span class='ocrx_word' id='word_1_232' title='bbox 511 3016 599 3099; x_wconf 92' lang='lat' dir='ltr'>quod</span> <span class='ocrx_word' id='word_1_233' title='bbox 623 3016 778 3080; x_wconf 90' lang='lat' dir='ltr'>divinitus</span> <span class='ocrx_word' id='word_1_234' title='bbox 802 3015 853 3080; x_wconf 93' lang='lat' dir='ltr'>vel</span> <span class='ocrx_word' id='word_1_235' title='bbox 878 3024 993 3081; x_wconf 87' lang='lat' dir='ltr'>nutura</span> <span class='ocrx_word' id='word_1_236' title='bbox 1017 3017 1114 3081; x_wconf 86' lang='lat' dir='ltr'>alicui</span> <span class='ocrx_word' id='word_1_237' title='bbox 1140 3017 1325 3082; x_wconf 89' lang='lat' dir='ltr'>laciendum</span> <span class='ocrx_word' id='word_1_238' title='bbox 1350 3018 1505 3082; x_wconf 90' lang='lat' dir='ltr'>tributum</span> <span class='ocrx_word' id='word_1_239' title='bbox 1530 3026 1588 3094; x_wconf 89' lang='lat' dir='ltr'>est,</span> <span class='ocrx_word' id='word_1_240' title='bbox 1613 3019 1755 3100; x_wconf 89' lang='lat' dir='ltr'>positum</span> <span class='ocrx_word' id='word_1_241' title='bbox 1780 3036 1853 3083; x_wconf 89' lang='lat' dir='ltr'>esse</span> <span class='ocrx_word' id='word_1_242' title='bbox 1877 3019 2005 3082; x_wconf 89' lang='lat' dir='ltr'>videtur</span> 
     </span>
     <span class='ocr_line' id='line_1_26' title="bbox 192 3125 415 3209; baseline -0.018 -18"><span class='ocrx_word' id='word_1_243' title='bbox 192 3127 248 3192; x_wconf 84' lang='lat' dir='ltr'>lut.</span> <span class='ocrx_word' id='word_1_244' title='bbox 269 3125 415 3209; x_wconf 88' lang='lat' dir='ltr'>periphr:</span> 
     </span>
    </p>

    <p class='ocr_par' dir='ltr' id='par_1_18' title="bbox 192 3229 2006 3425">
     <span class='ocr_line' id='line_1_27' title="bbox 352 3229 2006 3314; baseline 0 -18"><span class='ocrx_word' id='word_1_245' title='bbox 352 3233 443 3296; x_wconf 84' lang='lat' dir='ltr'>Fam.</span> <span class='ocrx_word' id='word_1_246' title='bbox 469 3230 505 3306; x_wconf 91' lang='lat' dir='ltr'>ll,</span> <span class='ocrx_word' id='word_1_247' title='bbox 531 3231 561 3307; x_wconf 84' lang='lat'>5,</span> <span class='ocrx_word' id='word_1_248' title='bbox 587 3231 622 3294; x_wconf 81' lang='lat'>2:</span> <span class='ocrx_word' id='word_1_249' title='bbox 648 3249 688 3295; x_wconf 88' lang='lat' dir='ltr'>ea</span> <span class='ocrx_word' id='word_1_250' title='bbox 711 3248 800 3312; x_wconf 87' lang='lat' dir='ltr'>para,</span> <span class='ocrx_word' id='word_1_251' title='bbox 826 3231 994 3306; x_wconf 87' lang='lat' dir='ltr'>meditare,</span> <span class='ocrx_word' id='word_1_252' title='bbox 1020 3232 1136 3314; x_wconf 82' lang='lat' dir='ltr'>cogita,</span> <span class='ocrx_word' id='word_1_253' title='bbox 1162 3249 1246 3314; x_wconf 88' lang='lat' dir='ltr'>quae</span> <span class='ocrx_word' id='word_1_254' title='bbox 1270 3233 1400 3296; x_wconf 87' lang='lat' dir='ltr'>esseio</span> <span class='ocrx_word' id='word_1_255' title='bbox 1424 3250 1465 3296; x_wconf 92' lang='lat' dir='ltr'>eo</span> <span class='ocrx_word' id='word_1_256' title='bbox 1489 3232 1552 3295; x_wconf 89' lang='lat' dir='ltr'>civi</span> <span class='ocrx_word' id='word_1_257' title='bbox 1576 3249 1615 3295; x_wconf 89' lang='lat' dir='ltr'>ac</span> <span class='ocrx_word' id='word_1_258' title='bbox 1641 3233 1710 3295; x_wconf 91' lang='lat' dir='ltr'>viro</span> <span class='ocrx_word' id='word_1_259' title='bbox 1735 3231 1864 3307; x_wconf 88' lang='lat' dir='ltr'>debent,</span> <span class='ocrx_word' id='word_1_260' title='bbox 1890 3233 1945 3314; x_wconf 93' lang='lat' dir='ltr'>qui</span> <span class='ocrx_word' id='word_1_261' title='bbox 1962 3229 2006 3296; x_wconf 80' lang='lat' dir='ltr'>sit</span> 
     </span>
     <span class='ocr_line' id='line_1_28' title="bbox 192 3335 1614 3425; baseline -0.004 -18"><span class='ocrx_word' id='word_1_262' title='bbox 192 3361 261 3407; x_wconf 90' lang='lat' dir='ltr'>rem</span> <span class='ocrx_word' id='word_1_263' title='bbox 286 3340 453 3425; x_wconf 87' lang='lat' dir='ltr'>publicam</span> <span class='ocrx_word' id='word_1_264' title='bbox 478 3338 633 3403; x_wconf 86' lang='lat' dir='ltr'>aillictam</span> <span class='ocrx_word' id='word_1_265' title='bbox 659 3339 692 3401; x_wconf 93' lang='lat' dir='ltr'>in</span> <span class='ocrx_word' id='word_1_266' title='bbox 717 3345 860 3402; x_wconf 87' lang='lat' dir='ltr'>veterem</span> <span class='ocrx_word' id='word_1_267' title='bbox 885 3338 1074 3419; x_wconf 83' lang='lat' dir='ltr'>dignitatem</span> <span class='ocrx_word' id='word_1_268' title='bbox 1099 3346 1132 3402; x_wconf 88' lang='lat' dir='ltr'>et</span> <span class='ocrx_word' id='word_1_269' title='bbox 1155 3339 1338 3404; x_wconf 85' lang='lat' dir='ltr'>libertatem</span> <span class='ocrx_word' id='word_1_270' title='bbox 1363 3335 1614 3404; x_wconf 75' lang='lat' dir='ltr'>uindicaturua</span> 
     </span>
    </p>

    <p class='ocr_par' dir='ltr' id='par_1_19' title="bbox 352 3445 1089 3527">
     <span class='ocr_line' id='line_1_29' title="bbox 352 3445 1089 3527; baseline 0 -16"><span class='ocrx_word' id='word_1_271' title='bbox 352 3447 388 3511; x_wconf 94' lang='lat' dir='ltr'>ln</span> <span class='ocrx_word' id='word_1_272' title='bbox 413 3452 530 3510; x_wconf 89' lang='lat' dir='ltr'>natura</span> <span class='ocrx_word' id='word_1_273' title='bbox 555 3445 694 3509; x_wconf 88' lang='lat' dir='ltr'>alicuius</span> <span class='ocrx_word' id='word_1_274' title='bbox 718 3446 764 3509; x_wconf 91' lang='lat' dir='ltr'>rei</span> <span class='ocrx_word' id='word_1_275' title='bbox 789 3446 896 3527; x_wconf 90' lang='lat' dir='ltr'>posita</span> <span class='ocrx_word' id='word_1_276' title='bbox 919 3453 968 3508; x_wconf 89' lang='lat' dir='ltr'>est</span> <span class='ocrx_word' id='word_1_277' title='bbox 991 3447 1089 3510; x_wconf 91' lang='lat' dir='ltr'>ratio:</span> 
     </span>
    </p>

    <p class='ocr_par' dir='ltr' id='par_1_20' title="bbox 192 3550 2005 3743">
     <span class='ocr_line' id='line_1_30' title="bbox 352 3550 2005 3639; baseline -0.002 -20"><span class='ocrx_word' id='word_1_278' title='bbox 352 3554 410 3620; x_wconf 83' lang='lat' dir='ltr'>Off.</span> <span class='ocrx_word' id='word_1_279' title='bbox 437 3554 449 3617; x_wconf 99' lang='lat' dir='ltr'>l</span> <span class='ocrx_word' id='word_1_280' title='bbox 473 3552 496 3639; x_wconf 67' lang='grc' dir='ltr'>ξ</span> <span class='ocrx_word' id='word_1_281' title='bbox 520 3553 577 3618; x_wconf 84' lang='grc'>35;</span> <span class='ocrx_word' id='word_1_282' title='bbox 612 3571 686 3616; x_wconf 90' lang='lat' dir='ltr'>mea</span> <span class='ocrx_word' id='word_1_283' title='bbox 718 3553 850 3635; x_wconf 91' lang='lat' dir='ltr'>quidem</span> <span class='ocrx_word' id='word_1_284' title='bbox 879 3555 1042 3617; x_wconf 87' lang='lat' dir='ltr'>sententia</span> <span class='ocrx_word' id='word_1_285' title='bbox 1066 3555 1149 3635; x_wconf 89' lang='lat' dir='ltr'>paci,</span> <span class='ocrx_word' id='word_1_286' title='bbox 1175 3573 1259 3636; x_wconf 90' lang='lat' dir='ltr'>quae</span> <span class='ocrx_word' id='word_1_287' title='bbox 1284 3555 1366 3619; x_wconf 91' lang='lat' dir='ltr'>nihil</span> <span class='ocrx_word' id='word_1_288' title='bbox 1390 3550 1555 3620; x_wconf 82' lang='lat' dir='ltr'>habituro</span> <span class='ocrx_word' id='word_1_289' title='bbox 1578 3552 1622 3618; x_wconf 85' lang='lat' dir='ltr'>sit</span> <span class='ocrx_word' id='word_1_290' title='bbox 1646 3552 1849 3628; x_wconf 82' lang='lat' dir='ltr'>insidiarum,</span> <span class='ocrx_word' id='word_1_291' title='bbox 1873 3569 2005 3634; x_wconf 89' lang='lat' dir='ltr'>semper</span> 
     </span>
     <span class='ocr_line' id='line_1_31' title="bbox 192 3660 1476 3743; baseline -0.003 -15"><span class='ocrx_word' id='word_1_292' title='bbox 192 3672 240 3729; x_wconf 88' lang='lat' dir='ltr'>cst</span> <span class='ocrx_word' id='word_1_293' title='bbox 264 3661 514 3728; x_wconf 91' lang='lat' dir='ltr'>consulendum.</span> <span class='ocrx_word' id='word_1_294' title='bbox 562 3680 595 3724; x_wconf 85' lang='lat' dir='ltr'>o:</span> <span class='ocrx_word' id='word_1_295' title='bbox 621 3660 661 3724; x_wconf 89' lang='lat' dir='ltr'>de</span> <span class='ocrx_word' id='word_1_296' title='bbox 686 3679 751 3743; x_wconf 92' lang='lat' dir='ltr'>qua</span> <span class='ocrx_word' id='word_1_297' title='bbox 775 3679 841 3724; x_wconf 93' lang='lat' dir='ltr'>non</span> <span class='ocrx_word' id='word_1_298' title='bbox 865 3661 907 3724; x_wconf 91' lang='lat' dir='ltr'>sit</span> <span class='ocrx_word' id='word_1_299' title='bbox 930 3662 1152 3736; x_wconf 93' lang='lat' dir='ltr'>metuendum,</span> <span class='ocrx_word' id='word_1_300' title='bbox 1179 3679 1219 3724; x_wconf 90' lang='lat' dir='ltr'>ne</span> <span class='ocrx_word' id='word_1_301' title='bbox 1245 3661 1323 3743; x_wconf 93' lang='lat' dir='ltr'>quid</span> <span class='ocrx_word' id='word_1_302' title='bbox 1346 3660 1476 3724; x_wconf 89' lang='lat' dir='ltr'>habeat.</span> 
     </span>
    </p>

    <p class='ocr_par' dir='ltr' id='par_1_21' title="bbox 191 3766 2002 3958">
     <span class='ocr_line' id='line_1_32' title="bbox 352 3766 2002 3852; baseline -0.004 -17"><span class='ocrx_word' id='word_1_303' title='bbox 352 3770 405 3836; x_wconf 89' lang='lat' dir='ltr'>Or.</span> <span class='ocrx_word' id='word_1_304' title='bbox 431 3787 490 3850; x_wconf 91' lang='lat' dir='ltr'>pro</span> <span class='ocrx_word' id='word_1_305' title='bbox 515 3767 649 3832; x_wconf 86' lang='lat' dir='ltr'>Rabirio</span> <span class='ocrx_word' id='word_1_306' title='bbox 667 3767 823 3832; x_wconf 92' lang='lat' dir='ltr'>Postumo</span> <span class='ocrx_word' id='word_1_307' title='bbox 847 3766 869 3852; x_wconf 70' lang='grc' dir='ltr'>ξ</span> <span class='ocrx_word' id='word_1_308' title='bbox 893 3767 950 3831; x_wconf 83' lang='grc'>24;</span> <span class='ocrx_word' id='word_1_309' title='bbox 981 3767 1078 3849; x_wconf 91' lang='lat' dir='ltr'>plane</span> <span class='ocrx_word' id='word_1_310' title='bbox 1102 3767 1262 3832; x_wconf 86' lang='lat' dir='ltr'>confiteor</span> <span class='ocrx_word' id='word_1_311' title='bbox 1293 3768 1362 3832; x_wconf 87' lang='lat' dir='ltr'>heri</span> <span class='ocrx_word' id='word_1_312' title='bbox 1386 3769 1466 3832; x_wconf 93' lang='lat' dir='ltr'>nihil</span> <span class='ocrx_word' id='word_1_313' title='bbox 1491 3786 1588 3850; x_wconf 89' lang='lat' dir='ltr'>posse</span> <span class='ocrx_word' id='word_1_314' title='bbox 1613 3767 1796 3832; x_wconf 87' lang='lat' dir='ltr'>dementius</span> <span class='ocrx_word' id='word_1_315' title='bbox 1820 3784 1918 3848; x_wconf 90' lang='lat' dir='ltr'>quam</span> <span class='ocrx_word' id='word_1_316' title='bbox 1943 3766 2002 3829; x_wconf 90' lang='lat' dir='ltr'>sci·</span> 
     </span>
     <span class='ocr_line' id='line_1_33' title="bbox 191 3871 2000 3958; baseline -0.004 -15"><span class='ocrx_word' id='word_1_317' title='bbox 191 3887 300 3943; x_wconf 91' lang='lat' dir='ltr'>entem</span> <span class='ocrx_word' id='word_1_318' title='bbox 325 3880 359 3942; x_wconf 93' lang='lat' dir='ltr'>in</span> <span class='ocrx_word' id='word_1_319' title='bbox 383 3896 457 3941; x_wconf 90' lang='lat' dir='ltr'>eum</span> <span class='ocrx_word' id='word_1_320' title='bbox 483 3875 592 3939; x_wconf 91' lang='lat' dir='ltr'>locum</span> <span class='ocrx_word' id='word_1_321' title='bbox 616 3876 737 3953; x_wconf 87' lang='lat' dir='ltr'>venire,</span> <span class='ocrx_word' id='word_1_322' title='bbox 762 3874 818 3938; x_wconf 90' lang='lat' dir='ltr'>ubi</span> <span class='ocrx_word' id='word_1_323' title='bbox 835 3874 1017 3939; x_wconf 88' lang='lat' dir='ltr'>libertatem</span> <span class='ocrx_word' id='word_1_324' title='bbox 1033 3872 1081 3938; x_wconf 85' lang='lat' dir='ltr'>sis</span> <span class='ocrx_word' id='word_1_325' title='bbox 1091 3871 1307 3958; x_wconf 77' lang='lat' dir='ltr'>perditurus.</span> <span class='ocrx_word' id='word_1_326' title='bbox 1342 3894 1374 3939; x_wconf 85' lang='lat' dir='ltr'>o:</span> <span class='ocrx_word' id='word_1_327' title='bbox 1391 3875 1446 3938; x_wconf 91' lang='lat' dir='ltr'>ubi</span> <span class='ocrx_word' id='word_1_328' title='bbox 1464 3874 1646 3940; x_wconf 88' lang='lat' dir='ltr'>libertatem</span> <span class='ocrx_word' id='word_1_329' title='bbox 1662 3873 1780 3956; x_wconf 87' lang='lat' dir='ltr'>perdas</span> <span class='ocrx_word' id='word_1_330' title='bbox 1798 3890 1933 3937; x_wconf 88' lang='lat' dir='ltr'>necesse</span> <span class='ocrx_word' id='word_1_331' title='bbox 1950 3873 2000 3936; x_wconf 90' lang='lat' dir='ltr'>sit.</span> 
     </span>
    </p>

    <p class='ocr_par' dir='ltr' id='par_1_22' title="bbox 190 3979 2001 4175">
     <span class='ocr_line' id='line_1_34' title="bbox 351 3979 2001 4065; baseline -0.004 -17"><span class='ocrx_word' id='word_1_332' title='bbox 351 3984 387 4048; x_wconf 96' lang='lat' dir='ltr'>ln</span> <span class='ocrx_word' id='word_1_333' title='bbox 419 3984 586 4047; x_wconf 87' lang='lat' dir='ltr'>voluntate</span> <span class='ocrx_word' id='word_1_334' title='bbox 619 3982 768 4058; x_wconf 89' lang='lat' dir='ltr'>alicuius,</span> <span class='ocrx_word' id='word_1_335' title='bbox 806 4000 872 4045; x_wconf 92' lang='lat' dir='ltr'>non</span> <span class='ocrx_word' id='word_1_336' title='bbox 907 3983 986 4058; x_wconf 82' lang='lat' dir='ltr'>eiua,</span> <span class='ocrx_word' id='word_1_337' title='bbox 1022 3982 1061 4045; x_wconf 88' lang='lat' dir='ltr'>de</span> <span class='ocrx_word' id='word_1_338' title='bbox 1093 4000 1158 4065; x_wconf 93' lang='lat' dir='ltr'>quo</span> <span class='ocrx_word' id='word_1_339' title='bbox 1195 3982 1403 4064; x_wconf 88' lang='lat' dir='ltr'>praedicatur</span> <span class='ocrx_word' id='word_1_340' title='bbox 1426 3984 1588 4047; x_wconf 87' lang='lat' dir='ltr'>sententia</span> <span class='ocrx_word' id='word_1_341' title='bbox 1613 3981 1758 4055; x_wconf 88' lang='lat' dir='ltr'>relativa,</span> <span class='ocrx_word' id='word_1_342' title='bbox 1784 3979 1841 4044; x_wconf 91' lang='lat' dir='ltr'>sed</span> <span class='ocrx_word' id='word_1_343' title='bbox 1867 3981 2001 4045; x_wconf 89' lang='lat' dir='ltr'>alterius</span> 
     </span>
     <span class='ocr_line' id='line_1_35' title="bbox 190 4092 681 4175; baseline -0.01 -17"><span class='ocrx_word' id='word_1_344' title='bbox 190 4094 297 4175; x_wconf 88' lang='lat' dir='ltr'>posita</span> <span class='ocrx_word' id='word_1_345' title='bbox 329 4111 402 4156; x_wconf 90' lang='lat' dir='ltr'>esse</span> <span class='ocrx_word' id='word_1_346' title='bbox 434 4092 562 4156; x_wconf 90' lang='lat' dir='ltr'>videtur</span> <span class='ocrx_word' id='word_1_347' title='bbox 584 4092 681 4154; x_wconf 88' lang='lat' dir='ltr'>ratio:</span> 
     </span>
    </p>

    <p class='ocr_par' dir='ltr' id='par_1_23' title="bbox 190 4190 2000 4495">
     <span class='ocr_line' id='line_1_36' title="bbox 350 4190 1999 4283; baseline -0.005 -18"><span class='ocrx_word' id='word_1_348' title='bbox 350 4199 397 4264; x_wconf 87' lang='lat' dir='ltr'>De</span> <span class='ocrx_word' id='word_1_349' title='bbox 421 4197 507 4265; x_wconf 84' lang='lat' dir='ltr'>Orat.</span> <span class='ocrx_word' id='word_1_350' title='bbox 533 4197 559 4261; x_wconf 96' lang='lat' dir='ltr'>ll</span> <span class='ocrx_word' id='word_1_351' title='bbox 583 4196 606 4283; x_wconf 67' lang='grc' dir='ltr'>ξ</span> <span class='ocrx_word' id='word_1_352' title='bbox 631 4197 708 4261; x_wconf 79' lang='lat'><strong>129:</strong></span> <span class='ocrx_word' id='word_1_353' title='bbox 743 4196 906 4260; x_wconf 87' lang='lat' dir='ltr'>namhoc</span> <span class='ocrx_word' id='word_1_354' title='bbox 931 4214 1067 4260; x_wconf 89' lang='lat' dir='ltr'>necesse</span> <span class='ocrx_word' id='word_1_355' title='bbox 1091 4203 1149 4272; x_wconf 88' lang='lat' dir='ltr'>est,</span> <span class='ocrx_word' id='word_1_356' title='bbox 1174 4203 1209 4260; x_wconf 90' lang='lat' dir='ltr'>ut</span> <span class='ocrx_word' id='word_1_357' title='bbox 1232 4197 1269 4272; x_wconf 78' lang='lat' dir='ltr'>ia,</span> <span class='ocrx_word' id='word_1_358' title='bbox 1295 4197 1350 4278; x_wconf 94' lang='lat' dir='ltr'>qui</span> <span class='ocrx_word' id='word_1_359' title='bbox 1375 4195 1470 4258; x_wconf 92' lang='lat' dir='ltr'>nohis</span> <span class='ocrx_word' id='word_1_360' title='bbox 1494 4214 1628 4259; x_wconf 88' lang='lat' dir='ltr'>causam</span> <span class='ocrx_word' id='word_1_361' title='bbox 1654 4190 1924 4277; x_wconf 82' lang='lat' dir='ltr'>adjudicaturus</span> <span class='ocrx_word' id='word_1_362' title='bbox 1948 4193 1999 4271; x_wconf 86' lang='lat' dir='ltr'>sit,</span> 
     </span>
     <span class='ocr_line' id='line_1_37' title="bbox 190 4302 2000 4385; baseline -0.004 -14"><span class='ocrx_word' id='word_1_363' title='bbox 190 4313 247 4371; x_wconf 88' lang='lat' dir='ltr'>aut</span> <span class='ocrx_word' id='word_1_364' title='bbox 278 4306 490 4370; x_wconf 89' lang='lat' dir='ltr'>inclinatione</span> <span class='ocrx_word' id='word_1_365' title='bbox 520 4305 696 4369; x_wconf 85' lang='lat' dir='ltr'>voluntatis</span> <span class='ocrx_word' id='word_1_366' title='bbox 720 4303 924 4385; x_wconf 87' lang='lat' dir='ltr'>propendeat</span> <span class='ocrx_word' id='word_1_367' title='bbox 946 4304 979 4366; x_wconf 93' lang='lat' dir='ltr'>in</span> <span class='ocrx_word' id='word_1_368' title='bbox 1004 4322 1064 4367; x_wconf 87' lang='lat' dir='ltr'>nus</span> <span class='ocrx_word' id='word_1_369' title='bbox 1089 4310 1145 4366; x_wconf 88' lang='lat' dir='ltr'>aut</span> <span class='ocrx_word' id='word_1_370' title='bbox 1168 4302 1369 4367; x_wconf 84' lang='lat' dir='ltr'>detensionis</span> <span class='ocrx_word' id='word_1_371' title='bbox 1392 4305 1592 4384; x_wconf 81' lang='lat' dir='ltr'>argumentis</span> <span class='ocrx_word' id='word_1_372' title='bbox 1616 4303 1798 4367; x_wconf 89' lang='lat' dir='ltr'>adducatur</span> <span class='ocrx_word' id='word_1_373' title='bbox 1821 4310 1877 4366; x_wconf 93' lang='lat' dir='ltr'>aut</span> <span class='ocrx_word' id='word_1_374' title='bbox 1900 4302 2000 4366; x_wconf 90' lang='lat' dir='ltr'>animi</span> 
     </span>
     <span class='ocr_line' id='line_1_38' title="bbox 190 4410 1496 4495; baseline -0.002 -18"><span class='ocrx_word' id='word_1_375' title='bbox 190 4414 395 4495; x_wconf 87' lang='lat' dir='ltr'>permotione</span> <span class='ocrx_word' id='word_1_376' title='bbox 420 4420 563 4494; x_wconf 85' lang='lat' dir='ltr'>cogatur.</span> <span class='ocrx_word' id='word_1_377' title='bbox 612 4431 644 4475; x_wconf 85' lang='lat' dir='ltr'>a:</span> <span class='ocrx_word' id='word_1_378' title='bbox 670 4412 707 4486; x_wconf 84' lang='lat' dir='ltr'>is,</span> <span class='ocrx_word' id='word_1_379' title='bbox 733 4430 830 4492; x_wconf 89' lang='lat' dir='ltr'>quem</span> <span class='ocrx_word' id='word_1_380' title='bbox 856 4410 951 4474; x_wconf 91' lang='lat' dir='ltr'>nobis</span> <span class='ocrx_word' id='word_1_381' title='bbox 975 4429 1109 4475; x_wconf 87' lang='lat' dir='ltr'>causam</span> <span class='ocrx_word' id='word_1_382' title='bbox 1135 4411 1323 4492; x_wconf 88' lang='lat' dir='ltr'>adjudicare</span> <span class='ocrx_word' id='word_1_383' title='bbox 1348 4410 1496 4475; x_wconf 89' lang='lat' dir='ltr'>velimus.</span> 
     </span>
    </p>

    <p class='ocr_par' dir='ltr' id='par_1_24' title="bbox 188 4515 2001 5352">
     <span class='ocr_line' id='line_1_39' title="bbox 351 4515 2001 4601; baseline -0.002 -18"><span class='ocrx_word' id='word_1_384' title='bbox 351 4518 444 4600; x_wconf 89' lang='lat' dir='ltr'>Conj.</span> <span class='ocrx_word' id='word_1_385' title='bbox 480 4539 538 4601; x_wconf 88' lang='lat' dir='ltr'>per</span> <span class='ocrx_word' id='word_1_386' title='bbox 570 4519 658 4582; x_wconf 92' lang='lat' dir='ltr'>modi</span> <span class='ocrx_word' id='word_1_387' title='bbox 689 4519 916 4582; x_wconf 85' lang='lat' dir='ltr'>attractionem</span> <span class='ocrx_word' id='word_1_388' title='bbox 941 4519 1068 4598; x_wconf 89' lang='lat' dir='ltr'>positus</span> <span class='ocrx_word' id='word_1_389' title='bbox 1092 4524 1151 4593; x_wconf 91' lang='lat' dir='ltr'>est,</span> <span class='ocrx_word' id='word_1_390' title='bbox 1177 4537 1277 4600; x_wconf 93' lang='lat' dir='ltr'>quum</span> <span class='ocrx_word' id='word_1_391' title='bbox 1303 4518 1334 4580; x_wconf 95' lang='lat' dir='ltr'>in</span> <span class='ocrx_word' id='word_1_392' title='bbox 1360 4518 1522 4581; x_wconf 87' lang='lat' dir='ltr'>sententia</span> <span class='ocrx_word' id='word_1_393' title='bbox 1546 4516 1587 4580; x_wconf 89' lang='lat' dir='ltr'>ab</span> <span class='ocrx_word' id='word_1_394' title='bbox 1613 4521 1649 4581; x_wconf 84' lang='lat' dir='ltr'>ut</span> <span class='ocrx_word' id='word_1_395' title='bbox 1671 4518 1848 4599; x_wconf 84' lang='lat' dir='ltr'>incipiente</span> <span class='ocrx_word' id='word_1_396' title='bbox 1872 4515 2001 4580; x_wconf 89' lang='lat' dir='ltr'>inclusa</span> 
     </span>
     <span class='ocr_line' id='line_1_40' title="bbox 190 4622 2000 4706; baseline -0.002 -15"><span class='ocrx_word' id='word_1_397' title='bbox 190 4629 231 4692; x_wconf 89' lang='lat' dir='ltr'>sit</span> <span class='ocrx_word' id='word_1_398' title='bbox 265 4628 429 4690; x_wconf 92' lang='lat' dir='ltr'>sententia</span> <span class='ocrx_word' id='word_1_399' title='bbox 453 4626 596 4690; x_wconf 88' lang='lat' dir='ltr'>relativa.</span> <span class='ocrx_word' id='word_1_400' title='bbox 646 4624 899 4706; x_wconf 87' lang='lat' dir='ltr'>Conjunotivum</span> <span class='ocrx_word' id='word_1_401' title='bbox 924 4631 1033 4687; x_wconf 89' lang='lat' dir='ltr'>autem</span> <span class='ocrx_word' id='word_1_402' title='bbox 1059 4624 1145 4688; x_wconf 90' lang='lat' dir='ltr'>hunc</span> <span class='ocrx_word' id='word_1_403' title='bbox 1170 4643 1237 4688; x_wconf 92' lang='lat' dir='ltr'>non</span> <span class='ocrx_word' id='word_1_404' title='bbox 1261 4644 1334 4689; x_wconf 88' lang='lat' dir='ltr'>esse</span> <span class='ocrx_word' id='word_1_405' title='bbox 1358 4625 1443 4706; x_wconf 89' lang='lat' dir='ltr'>conj.</span> <span class='ocrx_word' id='word_1_406' title='bbox 1469 4622 1568 4687; x_wconf 89' lang='lat' dir='ltr'>futuri</span> <span class='ocrx_word' id='word_1_407' title='bbox 1592 4624 1749 4704; x_wconf 92' lang='lat' dir='ltr'>simplicis</span> <span class='ocrx_word' id='word_1_408' title='bbox 1773 4642 1886 4687; x_wconf 87' lang='lat' dir='ltr'>verum</span> <span class='ocrx_word' id='word_1_409' title='bbox 1911 4641 2000 4705; x_wconf 88' lang='lat' dir='ltr'>prae·</span> 
     </span>
     <span class='ocr_line' id='line_1_41' title="bbox 189 4730 1999 4815; baseline -0.002 -18"><span class='ocrx_word' id='word_1_410' title='bbox 189 4735 291 4799; x_wconf 89' lang='lat' dir='ltr'>sentis</span> <span class='ocrx_word' id='word_1_411' title='bbox 316 4734 482 4798; x_wconf 87' lang='lat' dir='ltr'>indicativi</span> <span class='ocrx_word' id='word_1_412' title='bbox 507 4732 605 4797; x_wconf 85' lang='lat' dir='ltr'>futuri</span> <span class='ocrx_word' id='word_1_413' title='bbox 629 4732 781 4815; x_wconf 81' lang='lat' dir='ltr'>periphr,</span> <span class='ocrx_word' id='word_1_414' title='bbox 807 4731 882 4795; x_wconf 90' lang='lat' dir='ltr'>inde</span> <span class='ocrx_word' id='word_1_415' title='bbox 908 4730 1081 4806; x_wconf 71' lang='lat' dir='ltr'>concludo</span> <span class='ocrx_word' id='word_1_416' title='bbox 1108 4731 1196 4814; x_wconf 91' lang='lat' dir='ltr'>quod</span> <span class='ocrx_word' id='word_1_417' title='bbox 1218 4732 1333 4796; x_wconf 88' lang='lat' dir='ltr'>eadem</span> <span class='ocrx_word' id='word_1_418' title='bbox 1350 4739 1399 4797; x_wconf 88' lang='lat' dir='ltr'>est</span> <span class='ocrx_word' id='word_1_419' title='bbox 1416 4732 1500 4794; x_wconf 89' lang='lat' dir='ltr'>inter</span> <span class='ocrx_word' id='word_1_420' title='bbox 1516 4731 1601 4794; x_wconf 88' lang='lat' dir='ltr'>hano</span> <span class='ocrx_word' id='word_1_421' title='bbox 1619 4732 1814 4794; x_wconf 87' lang='lat' dir='ltr'>sententiam</span> <span class='ocrx_word' id='word_1_422' title='bbox 1830 4730 1999 4794; x_wconf 90' lang='lat' dir='ltr'>relativam</span> 
     </span>
     <span class='ocr_line' id='line_1_42' title="bbox 190 4836 1998 4923; baseline -0.003 -17"><span class='ocrx_word' id='word_1_423' title='bbox 190 4843 326 4923; x_wconf 91' lang='lat' dir='ltr'>eiusque</span> <span class='ocrx_word' id='word_1_424' title='bbox 350 4841 537 4922; x_wconf 88' lang='lat' dir='ltr'>primariam</span> <span class='ocrx_word' id='word_1_425' title='bbox 563 4839 757 4904; x_wconf 88' lang='lat' dir='ltr'>sententiam</span> <span class='ocrx_word' id='word_1_426' title='bbox 783 4840 874 4913; x_wconf 87' lang='lat' dir='ltr'>ratic,</span> <span class='ocrx_word' id='word_1_427' title='bbox 901 4858 985 4922; x_wconf 89' lang='lat' dir='ltr'>quae</span> <span class='ocrx_word' id='word_1_428' title='bbox 1010 4839 1142 4920; x_wconf 87' lang='lat' dir='ltr'>propria</span> <span class='ocrx_word' id='word_1_429' title='bbox 1160 4846 1210 4902; x_wconf 88' lang='lat' dir='ltr'>est</span> <span class='ocrx_word' id='word_1_430' title='bbox 1226 4839 1496 4921; x_wconf 89' lang='lat' dir='ltr'>conjunctionum</span> <span class='ocrx_word' id='word_1_431' title='bbox 1514 4839 1758 4912; x_wconf 90' lang='lat' dir='ltr'>sententiarum,</span> <span class='ocrx_word' id='word_1_432' title='bbox 1777 4836 1892 4921; x_wconf 88' lang='lat' dir='ltr'>quales</span> <span class='ocrx_word' id='word_1_433' title='bbox 1908 4845 1998 4902; x_wconf 88' lang='lat' dir='ltr'>sunt:</span> 
     </span>
     <span class='ocr_line' id='line_1_43' title="bbox 193 4944 1999 5031; baseline 0 -24"><span class='ocrx_word' id='word_1_434' title='bbox 193 4968 263 5013; x_wconf 73' lang='lat' dir='ltr'>»me</span> <span class='ocrx_word' id='word_1_435' title='bbox 297 4967 388 5012; x_wconf 92' lang='lat' dir='ltr'>ames</span> <span class='ocrx_word' id='word_1_436' title='bbox 421 4954 557 5030; x_wconf 90' lang='lat' dir='ltr'>aportet,</span> <span class='ocrx_word' id='word_1_437' title='bbox 593 4966 657 5011; x_wconf 92' lang='lat' dir='ltr'>non</span> <span class='ocrx_word' id='word_1_438' title='bbox 684 4965 766 5022; x_wconf 85' lang='lat' dir='ltr'>mea,</span> <span class='ocrx_word' id='word_1_439' title='bbox 801 4947 828 5009; x_wconf 91' lang='lat' dir='ltr'>si</span> <span class='ocrx_word' id='word_1_440' title='bbox 853 4947 920 5010; x_wconf 91' lang='lat' dir='ltr'>veri</span> <span class='ocrx_word' id='word_1_441' title='bbox 944 4946 1041 5010; x_wconf 88' lang='lat' dir='ltr'>amici</span> <span class='ocrx_word' id='word_1_442' title='bbox 1066 4944 1164 5010; x_wconf 87' lang='lat' dir='ltr'>futuri</span> <span class='ocrx_word' id='word_1_443' title='bbox 1188 4966 1321 5009; x_wconf 82' lang='lat' dir='ltr'>sumus»</span> <span class='ocrx_word' id='word_1_444' title='bbox 1347 4946 1452 5026; x_wconf 85' lang='lat' dir='ltr'>(Finn.</span> <span class='ocrx_word' id='word_1_445' title='bbox 1478 4945 1503 5009; x_wconf 96' lang='lat' dir='ltr'>ll</span> <span class='ocrx_word' id='word_1_446' title='bbox 1527 4944 1550 5031; x_wconf 66' lang='grc' dir='ltr'>ξ</span> <span class='ocrx_word' id='word_1_447' title='bbox 1573 4944 1643 5026; x_wconf 84' lang='grc'>85);</span> <span class='ocrx_word' id='word_1_448' title='bbox 1673 4963 1858 5026; x_wconf 78' lang='lat' dir='ltr'>»respersas</span> <span class='ocrx_word' id='word_1_449' title='bbox 1882 4964 1999 5009; x_wconf 88' lang='lat' dir='ltr'>manus</span> 
     </span>
     <span class='ocr_line' id='line_1_44' title="bbox 189 5050 1997 5138; baseline -0.003 -18"><span class='ocrx_word' id='word_1_450' title='bbox 189 5058 349 5138; x_wconf 81' lang='lat' dir='ltr'>sanguine</span> <span class='ocrx_word' id='word_1_451' title='bbox 382 5062 522 5137; x_wconf 91' lang='lat' dir='ltr'>paterno</span> <span class='ocrx_word' id='word_1_452' title='bbox 553 5054 684 5135; x_wconf 84' lang='lat' dir='ltr'>judices</span> <span class='ocrx_word' id='word_1_453' title='bbox 719 5054 849 5117; x_wconf 88' lang='lat' dir='ltr'>videant</span> <span class='ocrx_word' id='word_1_454' title='bbox 874 5059 1012 5135; x_wconf 88' lang='lat' dir='ltr'>oportet,</span> <span class='ocrx_word' id='word_1_455' title='bbox 1036 5055 1064 5116; x_wconf 87' lang='lat' dir='ltr'>si</span> <span class='ocrx_word' id='word_1_456' title='bbox 1088 5061 1214 5117; x_wconf 88' lang='lat' dir='ltr'>tantum</span> <span class='ocrx_word' id='word_1_457' title='bbox 1239 5053 1366 5117; x_wconf 89' lang='lat' dir='ltr'>lacinus</span> <span class='ocrx_word' id='word_1_458' title='bbox 1390 5052 1544 5117; x_wconf 86' lang='lat' dir='ltr'>credituri</span> <span class='ocrx_word' id='word_1_459' title='bbox 1568 5057 1663 5115; x_wconf 86' lang='lat' dir='ltr'>sunt»</span> <span class='ocrx_word' id='word_1_460' title='bbox 1689 5050 1776 5133; x_wconf 83' lang='lat' dir='ltr'>(Sex.</span> <span class='ocrx_word' id='word_1_461' title='bbox 1803 5053 1900 5116; x_wconf 87' lang='lat' dir='ltr'>Rosc.</span> <span class='ocrx_word' id='word_1_462' title='bbox 1925 5052 1997 5116; x_wconf 84' lang='lat' dir='ltr'>Am.</span> 
     </span>
     <span class='ocr_line' id='line_1_45' title="bbox 188 5159 1999 5250; baseline -0.003 -24"><span class='ocrx_word' id='word_1_463' title='bbox 188 5162 211 5250; x_wconf 65' lang='grc' dir='ltr'><em>ξ</em></span> <span class='ocrx_word' id='word_1_464' title='bbox 245 5163 319 5248; x_wconf 70' lang='lat' dir='ltr'>bh).</span> <span class='ocrx_word' id='word_1_465' title='bbox 368 5163 474 5245; x_wconf 88' lang='lat' dir='ltr'>Atque</span> <span class='ocrx_word' id='word_1_466' title='bbox 509 5161 698 5224; x_wconf 90' lang='lat' dir='ltr'>huiusmodi</span> <span class='ocrx_word' id='word_1_467' title='bbox 729 5160 937 5242; x_wconf 88' lang='lat' dir='ltr'>periodorum</span> <span class='ocrx_word' id='word_1_468' title='bbox 962 5160 1246 5242; x_wconf 80' lang='lat' dir='ltr'>hypotheticarum</span> <span class='ocrx_word' id='word_1_469' title='bbox 1272 5160 1302 5223; x_wconf 92' lang='lat' dir='ltr'>id</span> <span class='ocrx_word' id='word_1_470' title='bbox 1328 5159 1495 5241; x_wconf 88' lang='lat' dir='ltr'>proprium</span> <span class='ocrx_word' id='word_1_471' title='bbox 1520 5177 1593 5222; x_wconf 86' lang='lat' dir='ltr'>esse</span> <span class='ocrx_word' id='word_1_472' title='bbox 1617 5159 1754 5234; x_wconf 76' lang='lat' dir='ltr'>videtur,</span> <span class='ocrx_word' id='word_1_473' title='bbox 1779 5166 1815 5223; x_wconf 90' lang='lat' dir='ltr'>ut</span> <span class='ocrx_word' id='word_1_474' title='bbox 1837 5161 1999 5222; x_wconf 86' lang='lat' dir='ltr'>sententia</span> 
     </span>
     <span class='ocr_line' id='line_1_46' title="bbox 188 5266 1998 5352; baseline -0.002 -20"><span class='ocrx_word' id='word_1_475' title='bbox 188 5270 386 5334; x_wconf 88' lang='lat' dir='ltr'>secundaria</span> <span class='ocrx_word' id='word_1_476' title='bbox 419 5269 542 5352; x_wconf 89' lang='lat' dir='ltr'>aliquid</span> <span class='ocrx_word' id='word_1_477' title='bbox 575 5269 682 5348; x_wconf 79' lang='lat' dir='ltr'>expeti</span> <span class='ocrx_word' id='word_1_478' title='bbox 707 5267 748 5330; x_wconf 91' lang='lat' dir='ltr'>ab</span> <span class='ocrx_word' id='word_1_479' title='bbox 773 5266 883 5348; x_wconf 91' lang='lat' dir='ltr'>aliquo</span> <span class='ocrx_word' id='word_1_480' title='bbox 907 5273 1063 5343; x_wconf 79' lang='lat' dir='ltr'>sumatur,</span> <span class='ocrx_word' id='word_1_481' title='bbox 1089 5266 1130 5329; x_wconf 89' lang='lat' dir='ltr'>ad</span> <span class='ocrx_word' id='word_1_482' title='bbox 1156 5267 1242 5349; x_wconf 92' lang='lat' dir='ltr'>quod</span> <span class='ocrx_word' id='word_1_483' title='bbox 1268 5267 1537 5348; x_wconf 89' lang='lat' dir='ltr'>consequendum</span> <span class='ocrx_word' id='word_1_484' title='bbox 1562 5266 1604 5342; x_wconf 87' lang='lat' dir='ltr'>id,</span> <span class='ocrx_word' id='word_1_485' title='bbox 1630 5267 1717 5348; x_wconf 93' lang='lat' dir='ltr'>quod</span> <span class='ocrx_word' id='word_1_486' title='bbox 1751 5267 1915 5330; x_wconf 86' lang='lat' dir='ltr'>sententia</span> <span class='ocrx_word' id='word_1_487' title='bbox 1938 5267 1998 5347; x_wconf 89' lang='lat' dir='ltr'>pri-</span> 
     </span>
    </p>
   </div>
   <div class='ocr_carea' id='block_1_6' title="bbox 0 0 2142 5790">
    <p class='ocr_par' dir='ltr' id='par_1_25' title="bbox 0 0 2142 5790">
     <span class='ocr_line' id='line_1_47' title="bbox 0 0 2142 5790; baseline 0 4"><span class='ocrx_word' id='word_1_488' title='bbox 0 0 2142 5790; x_wconf 95' lang='lat' dir='ltr'> </span> 
     </span>
    </p>
   </div>
  </div>
 </body>
</html>
