4274 5790
1836 296 1874 358 21

277 477 311 539 ΙΙ.
359 475 568 558 Conjunctivi
601 495 717 558 praes,
752 475 876 556 imperi.
911 475 966 539 sut.
1002 476 1141 557 periphr.
1176 494 1248 539 eam
1283 476 1346 537 vim
1372 474 1502 547 habent,
1529 493 1593 557 qua
1617 475 1789 538 consilium
1815 482 1847 538 et
1870 494 1922 538 vo·

119 582 227 647 luntas
251 584 391 648 alicuius
415 583 537 666 aliquid
564 583 703 648 laciendi
727 583 909 647 denotetur.

277 705 370 789 Couj.
393 726 510 791 proca.
536 708 593 772 lut.
619 708 759 790 periphr.

277 834 417 898 Herenn.
452 834 464 896 Ι
496 832 576 918 §42
612 833 728 897 divisio
752 840 810 908 est,
837 871 875 878 --
902 852 960 913 per
984 851 1081 914 quam
1107 834 1311 914 exponimus,
1337 831 1454 916 quibus
1479 832 1518 895 de
1543 831 1640 896 rebus
1665 830 1773 897 simus
1797 830 1925 912 acturis

116 940 206 1003 ibdm
229 938 252 1024 ξ
276 942 311 1017 6;
336 940 434 1004 ibdm.
460 940 482 1025 ξ
508 941 558 1005 10.

277 1064 418 1128 Herenn.
444 1064 483 1127 lll
507 1063 530 1149 ξ
555 1064 608 1128 13;
638 1083 851 1147 exponemus
877 1083 959 1146 quas
983 1083 1035 1128 res
1060 1061 1243 1130 laudaturi
1263 1069 1373 1128 simus
1397 1071 1452 1128 aut
1477 1061 1713 1147 uitupcroturi.
1762 1063 1815 1127 Sic
1831 1063 1924 1126 Klotz

118 1175 149 1232 et
182 1169 355 1251 llayserus.
404 1169 524 1234 Sumus
556 1190 616 1253 pro
649 1173 751 1236 simus
785 1172 817 1235 in
842 1172 891 1235 ed.
918 1171 1016 1236 Orell.
1043 1173 1077 1236 ll.
1104 1173 1255 1253 Oraeger,
1281 1171 1360 1235 Hist.
1387 1169 1478 1254 Synt.
1504 1170 1549 1256 ἕξ
1573 1172 1635 1235 171
1662 1178 1694 1234 et
1717 1170 1791 1246 472,
1817 1172 1922 1245 docet,

118 1276 356 1341 substantivum
390 1279 423 1341 in
458 1279 619 1342 eiusmodi
653 1279 796 1343 relativis
830 1280 1009 1354 sententiis,
1040 1279 1145 1362 qualis
1170 1286 1220 1343 est
1243 1279 1429 1360 exemplum
1454 1285 1600 1342 nostrum
1625 1278 1801 1342 indicativo
1826 1276 1923 1340 modo

116 1389 220 1458 utens¹
246 1384 473 1448 tantummodo
498 1384 593 1449 nobis
617 1385 719 1449 videri
740 1404 812 1450 esse
837 1385 1098 1450 transferendum
1122 1393 1220 1469 atque
1244 1405 1279 1451 re
1303 1404 1381 1450 vera
1404 1387 1492 1450 hunc
1511 1406 1605 1450 usum
1625 1384 1831 1450 referendum
1851 1402 1924 1448 esse

116 1490 156 1553 ad
181 1490 394 1572 principalem
418 1494 653 1558 sententiarum
678 1492 887 1557 relativarum
911 1493 1059 1569 sormam,
1076 1495 1109 1557 in
1126 1513 1191 1576 qua
1207 1494 1456 1568 substantivum,
1479 1493 1567 1575 quod
1585 1491 1779 1555 correlatum
1794 1497 1922 1566 vocant,

117 1598 259 1677 positum
293 1598 390 1663 luerit
428 1601 461 1663 in
494 1606 632 1683 utraque
666 1602 836 1675 sententia,
872 1607 904 1664 et
936 1601 1090 1682 primaria
1113 1608 1145 1665 et
1169 1601 1373 1665 secundaria.
1425 1600 1606 1664 Relativum
1631 1600 1717 1663 enim
1742 1616 1923 1679 pronomen

117 1727 217 1788 quum
251 1726 290 1770 ex
324 1709 555 1789 interrogativo
590 1715 696 1772 ortum
729 1709 826 1790 vulgo
858 1714 980 1790 putent,
1016 1707 1120 1772 lacilis
1145 1715 1193 1772 est
1218 1709 1270 1773 hic
1295 1709 1450 1772 transitus
1475 1707 1515 1771 ad
1540 1706 1784 1788 intelligendum
1810 1724 1849 1769 ex
1874 1705 1924 1767 his

116 1814 256 1897 exempli
280 1817 383 1897 gratia
407 1815 535 1879 duabus
558 1817 742 1880 sententiis:
768 1816 829 1896 Qui
854 1816 953 1879 homo
978 1816 1041 1879 hoc
1066 1815 1166 1880 lecit?
1190 1816 1270 1879 Eum
1295 1816 1462 1879 hominem
1486 1833 1545 1895 ego
1566 1817 1650 1877 novi.
1684 1813 1774 1892 Quae
1792 1812 1923 1894 quidem

117 1923 314 2003 conjunctae
339 1925 423 1987 hanc
448 1922 614 2004 accipiunt
637 1923 788 1986 sormam:
815 1923 870 2005 qui
896 1922 994 1986 homo
1019 1923 1082 1987 hoc
1107 1922 1192 1998 lecit,
1217 1942 1292 1986 eum
1317 1922 1483 1988 hominem
1508 1940 1568 2000 ego
1593 1921 1678 1983 novi.
1721 1920 1825 1983 Huius
1841 1920 1924 2000 prin·

117 2029 232 2110 cipalis
256 2030 380 2095 formae
404 2030 491 2112 apud
515 2033 629 2112 politas
652 2031 799 2095 comicos
824 2029 982 2094 nonnulla
1006 2038 1080 2093 sunt
1105 2030 1256 2112 exempla
1279 2036 1378 2113 atque
1402 2031 1489 2111 apud
1513 2029 1619 2110 ipsum
1645 2028 1731 2090 hunc
1756 2033 1924 2091 auctorem

116 2139 157 2201 ad
192 2138 402 2213 Herennium,
439 2156 640 2220 quamquam
669 2138 722 2202 hic
746 2144 782 2201 ut
806 2138 893 2218 apud
918 2135 1110 2201 Ciceronem
1136 2145 1327 2220 ceterosque
1352 2137 1510 2201 classicos
1534 2137 1709 2216 scriptores
1733 2135 1924 2216 saepissime

117 2263 167 2307 en.
195 2244 330 2308 relativa
353 2246 502 2327 sequitur
525 2263 575 2308 en.
601 2245 797 2326 primariam.
848 2244 911 2308 Clr.
935 2244 946 2307 l
971 2233 1051 2330 §7²
1078 2242 1112 2308 Si
1138 2263 1276 2309 numero
1301 2262 1504 2325 exponemus
1527 2262 1589 2318 res,
1620 2243 1738 2325 quibus
1763 2242 1802 2306 de
1827 2242 1925 2307 rebus

117 2352 233 2415 dicturi
267 2372 389 2415 sumus.
426 2351 437 2415 l
469 2350 492 2436 ξ
529 2353 581 2415 17;
618 2353 778 2433 expositio
812 2359 870 2426 est,
897 2372 996 2435 quum
1021 2371 1084 2429 res,
1109 2352 1229 2436 quibus
1253 2352 1292 2415 de
1318 2352 1415 2416 rebus
1439 2352 1556 2416 dicturi
1580 2370 1704 2425 sumus
1730 2351 1925 2432 exponimus

117 2458 259 2524 breviter
281 2469 312 2524 et
335 2460 494 2524 absolute.
544 2461 589 2524 Ex
614 2460 675 2523 hac
700 2461 795 2541 igitur
819 2460 923 2524 torma
947 2460 1119 2542 principali
1137 2460 1217 2523 baec
1235 2467 1305 2523 orta
1322 2459 1449 2523 videtur
1464 2459 1578 2533 lorma,
1597 2478 1661 2540 qua
1675 2457 1923 2532 substantivum,

118 2567 205 2649 quod
231 2568 427 2632 correlatum
452 2574 510 2644 cst,
535 2566 606 2631 sola
630 2568 662 2630 in
687 2568 850 2630 sententia
873 2567 1008 2630 relativa
1033 2570 1172 2649 ponitur,
1191 2569 1235 2631 ita
1252 2573 1286 2631 ut
1306 2567 1436 2648 proprie
1453 2566 1693 2629 substantivum
1714 2567 1746 2627 in
1764 2565 1925 2628 sententia

119 2694 251 2757 quoque
284 2676 438 2756 primaria
470 2675 512 2738 sit
544 2674 753 2738 audiendum.
807 2673 963 2754 Exempla
987 2674 1083 2737 huius
1107 2692 1156 2738 ex.
1183 2675 1358 2738 indicativo
1383 2674 1481 2736 modo
1506 2674 1626 2736 utentis
1650 2692 1783 2753 prorsus
1808 2672 1926 2735 similia

116 2784 181 2845 duo
216 2783 249 2846 in
283 2784 346 2847 hoc
380 2782 630 2847 Rhetoricorum
666 2781 777 2845 libello
800 2782 1024 2845 inveniuntur:
1059 2781 1196 2866 lplt:
1223 2782 1469 2845 enumeratione
1494 2787 1631 2852 utemur,
1658 2798 1758 2861 quum
1778 2780 1925 2843 dicemus

117 2909 263 2965 numero,
297 2897 377 2973 quot
409 2889 449 2952 de
482 2890 580 2953 rebus
613 2888 729 2953 dicturi
763 2908 885 2953 sumus
939 2889 950 2951 Ι
979 2888 1002 2974 ξ
1030 2889 1086 2952 27;
1121 2889 1271 2954 dedimus
1303 2907 1448 2970 operam,
1482 2893 1517 2950 ut
1549 2886 1691 2950 breviter
1714 2892 1745 2950 et
1770 2886 1921 2962 dilucide,

117 2997 236 3078 quibus
260 2997 300 3060 de
324 2996 422 3060 rebus
447 2996 555 3060 adhuc
580 2996 755 3059 dicendum
779 2994 847 3070 luit,
873 2995 1067 3059 diceremus.

277 3122 371 3201 Quod
395 3141 496 3204 quum
521 3120 565 3184 ita
589 3122 639 3195 sit,
665 3120 751 3184 haud
776 3122 856 3196 scio,
882 3140 924 3183 an
949 3120 1002 3184 bic
1026 3140 1158 3204 quoque
1178 3120 1339 3184 eiusmodi
1364 3122 1525 3184 sententia
1542 3119 1676 3183 relativa
1692 3119 1733 3181 sit
1749 3120 1923 3195 cernenda,

116 3228 307 3309 praesertim
334 3247 434 3311 quum
457 3229 490 3291 in
515 3228 634 3291 Baiteri
659 3233 691 3291 et
715 3227 834 3289 Halmii
858 3228 1051 3291 recensione
1076 3228 1228 3291 editionis
1253 3227 1438 3293 Orellianae
1464 3227 1543 3290 nihil
1568 3227 1608 3290 de
1633 3226 1784 3290 codicum
1807 3226 1924 3290 discre-

118 3336 228 3416 pantia
252 3336 293 3398 sit
315 3335 525 3416 adscriptum.

278 3459 323 3523 De
349 3458 485 3524 Oratore
510 3459 535 3523 ll
559 3457 581 3544 ξ
604 3460 666 3535 8-1ς
689 3459 729 3522 ΙΙΙ
753 3458 776 3542 ξ
800 3459 879 3522 203:
905 3460 1151 3542 propositioque
1167 3458 1223 3545 (sc.
1243 3460 1438 3541 permultum
1460 3458 1580 3543 movet)
1598 3458 1675 3540 quid
1693 3455 1740 3520 sis
1758 3454 1923 3522 dicturus,

278 3565 395 3631 Orator
426 3566 449 3652 ξ
484 3568 560 3644 137;
595 3566 679 3629 Part.
714 3564 800 3629 Orat.
826 3564 848 3650 ξ
871 3567 928 3643 97;
962 3567 1066 3629 Divin.
1092 3568 1125 3630 in
1150 3566 1269 3632 Caecil.
1294 3570 1316 3652 ς’
1340 3568 1396 3631 52:
1432 3567 1508 3649 quid
1543 3566 1583 3628 ad
1608 3565 1689 3629 haec
1709 3565 1772 3628 dici
1796 3567 1926 3646 potest?

121 3691 186 3735 nou
209 3675 295 3736 enim
321 3692 454 3757 (quaero,
480 3673 557 3756 quid
581 3680 615 3737 tu
639 3669 795 3737 dicturus
818 3669 880 3736 sis:
905 3674 1000 3737 video
1024 3674 1103 3737 mihi
1127 3695 1194 3738 non
1211 3681 1252 3750 te,
1270 3675 1328 3738 sed
1345 3675 1433 3738 hunc
1451 3673 1567 3737 librum
1589 3690 1662 3735 esse
1678 3691 1924 3753 responsurum,

120 3797 215 3861 quem
239 3782 382 3844 monitor
405 3787 479 3843 tuns
504 3781 556 3844 hic
579 3786 681 3857 tenet;
716 3781 771 3862 qui
795 3781 822 3842 si
848 3786 877 3844 te
901 3787 988 3844 recte
1013 3800 1146 3845 monere
1165 3783 1250 3845 volet
1266 3782 1416 3846 suadebit
1432 3782 1488 3845 tibi
1506 3786 1541 3843 ut
1557 3780 1633 3843 hinc
1650 3779 1801 3843 discedas
1818 3799 1925 3863 neque

118 3886 196 3950 mihi
221 3887 357 3951 verbum
380 3887 482 3952 ullum
498 3886 710 3968 respondeas.
741 3887 824 3966 Quid
842 3887 929 3950 enim
953 3888 1065 3952 dices?
1090 3927 1128 3935 -
1154 3889 1237 3968 Ouid
1261 3898 1296 3952 lu
1319 3890 1465 3953 dicturus
1487 3889 1545 3951 sis:
1571 3887 1656 3950 hvad
1681 3888 1724 3949 du
1748 3887 1824 3968 sjell
1842 3888 1925 3952 skall

117 3998 195 4076 stiga
228 3995 247 4057 i.
280 4013 308 4058 e.
344 3998 380 4058 iir
411 3993 545 4075 bettinkt
577 3992 620 4075 pai
654 3998 811 4074 att‘siiga,
846 3999 961 4057 limnar
983 3999 1070 4077 saga,
1104 4016 1211 4079 neque
1244 3999 1319 4062 inde
1352 4005 1402 4061 est
1424 3995 1653 4076 colligendum,
1679 3995 1925 4075 conjunctivum

122 4102 286 4166 »dicturus
310 4102 374 4164 sis»
401 4100 487 4182 conj.
513 4120 586 4165 esse
611 4101 777 4166 indicativi
801 4101 857 4164 lut.
883 4101 1054 4184 simplicis:
1089 4103 1188 4180 dices
1223 4124 1289 4168 non
1313 4104 1480 4167 indicativi
1505 4103 1560 4167 lut.
1585 4102 1827 4183 periphrastici:
1862 4102 1925 4168 dic·

117 4215 208 4272 turus
232 4227 276 4285 es,
302 4209 390 4291 quod
414 4209 562 4291 sequitur
584 4208 683 4289 paulo
707 4208 791 4271 inlra
814 4209 963 4290 quaestio
987 4210 1123 4274 directa:
1150 4212 1227 4294 quid
1251 4212 1337 4275 enim
1355 4212 1454 4276 dices.
1502 4210 1591 4274 Haeo
1608 4211 1694 4273 enim
1712 4211 1861 4292 quaestio
1877 4220 1927 4276 est

117 4316 197 4391 eius
232 4317 286 4398 qui
320 4317 456 4380 miratur
477 4321 510 4379 et
540 4315 674 4391 dubitat,
709 4334 787 4377 num
820 4315 898 4396 quid
931 4317 1040 4382 dicere
1074 4320 1177 4400 possit
1202 4318 1373 4393 Caecilius,
1404 4338 1488 4401 quae
1513 4318 1705 4399 significatio
1731 4319 1926 4384 nimiruma

119 4424 312 4506 quaestione
335 4423 507 4487 indirecta:
542 4423 620 4505 quid
645 4429 679 4485 tu
703 4423 849 4486 dicturus
874 4424 919 4487 sis
943 4424 1051 4489 aliena
1075 4432 1133 4490 est.

278 4548 368 4612 Verr.
403 4548 428 4611 ll
461 4546 484 4632 ξ
519 4548 595 4611 149:
630 4548 704 4611 vide
736 4555 768 4611 et
801 4549 950 4630 perspice
975 4569 1040 4632 qua
1063 4550 1256 4616 defensioue
1279 4548 1327 4614 sis
1353 4570 1480 4615 usurus
1503 4571 1534 4614 a:
1561 4551 1645 4615 huru
1669 4550 1849 4615 beskalladt
1873 4551 1926 4614 det

116 4658 245 4721 fdrsvar
267 4660 312 4730 tir,
339 4675 410 4719 som
435 4654 478 4718 du
503 4659 619 4719 limnas
641 4655 803 4719 anvainda.

276 4764 350 4843 Leg.
386 4762 460 4843 Agr.
496 4760 549 4829 Or.
584 4763 609 4827 ll
641 4761 664 4847 ξ
697 4763 749 4825 71.
797 4761 860 4826 Att.
885 4762 907 4838 l,
932 4764 962 4839 6,
988 4763 1022 4837 2ς
1051 4764 1088 4842 ΙΙ,
1114 4767 1143 4840 7,
1169 4767 1204 4844 2,
1230 4766 1268 4840 V,
1293 4767 1324 4843 4,
1350 4766 1386 4845 33
1410 4764 1448 4842 V,
1475 4767 1524 4840 18,
1549 4767 1585 4843 4;
1609 4764 1674 4840 Vll,
1702 4764 1833 4841 13b3;
1859 4765 1925 4841 Vll,

117 4871 169 4946 22,
204 4870 239 4946 2;
265 4869 344 4945 ΙΙΙΙΙ,
380 4870 431 4947 12,
455 4870 490 4948 6;
524 4870 603 4946 Vlll‚
631 4871 681 4946 14,
706 4869 741 4946 33
767 4868 819 4945 lX,
846 4871 874 4943 1,
900 4871 936 4934 2;
962 4890 1085 4954 quaero
1110 4881 1219 4937 autem
1243 4877 1301 4954 (sc.
1327 4873 1383 4937 ubi
1408 4873 1564 4937 Lentulus
1587 4873 1637 4948 sit,
1662 4870 1718 4935 ubi
1741 4872 1925 4952 Domitius),

117 4996 182 5060 quo
218 4976 346 5041 facilius
377 4979 461 5041 scire
495 4979 627 5059 possim,
653 4978 731 5060 quid
755 4976 868 5042 acturi
889 4977 966 5057 sint,
1001 4975 1125 5043 aurine
1147 4980 1189 5044 ad
1214 4979 1406 5062 Pompeium
1431 4985 1473 5056 et,
1500 4980 1527 5042 si
1552 4986 1636 5054 sunt,
1663 4997 1728 5060 qua
1752 4980 1926 5061 quandove

117 5082 201 5150 ituri
223 5082 298 5148 sint.
347 5085 399 5160 ΙΙΙ,
423 5086 442 5147 7
468 5084 722 5171 A2(Balbus);
747 5104 797 5166 ep.
822 5084 863 5148 ad
887 5084 975 5147 Brut.
1001 5085 1024 5162 l,
1051 5085 1102 5166 13,
1128 5086 1162 5164 2;
1188 5087 1277 5150 Fam.
1301 5086 1339 5163 V,
1367 5089 1416 5161 12,
1444 5087 1498 5165 10;
1523 5086 1589 5162 Vll,
1616 5087 1667 5161 16,
1692 5086 1726 5149 3;
1752 5086 1869 5170 ecquid
1893 5087 1927 5150 in

117 5192 243 5257 ltaliam
276 5189 412 5257 rrcntuvv'
443 5189 516 5256 sitis
550 5193 611 5257 hac
636 5192 752 5268 hieme,
777 5190 828 5256 lac
853 5191 949 5274 plane
974 5193 1087 5257 sciam.
1135 5191 1215 5269 Vlll,
1243 5193 1292 5270 13,
1319 5200 1337 5255 2
1362 5191 1531 5279 (Caelius):
1562 5193 1840 5275 quemadmodum
1864 5193 1928 5257 hoc

119 5299 295 5382 Pompeius
320 5299 444 5363 laturus
468 5300 518 5375 sit,
543 5318 652 5383 quum
676 5317 906 5382 copposcam;
929 5317 1028 5381 quam
1053 5299 1227 5365 lectionem
1252 5300 1375 5380 recepit
1398 5298 1556 5364 Baiterus.
1605 5299 1695 5380 Quae
1718 5300 1843 5364 codicis
1866 5298 1929 5363 Me-
