4274 5790
239 282 258 341 q

354 461 394 526 Ut
418 460 447 522 h.
474 459 493 522 l.
519 459 661 523 editores
685 459 732 522 sic
758 460 840 521 inter
863 478 898 522 se
923 460 1118 540 discrepant,
1145 466 1179 521 ut
1208 459 1331 523 »lutura
1356 461 1439 523 sint»
1467 459 1642 524 Muellerus
1666 467 1698 523 et
1716 461 1863 524 Baiterns
1881 461 1998 543 legant,

198 570 324 635 »lutura
355 576 450 634 sunt»
487 568 643 642 Klotzius,
677 567 724 631 sic
759 565 887 630 duobus
921 565 993 630 aliis
1026 565 1108 630 locis
1141 567 1173 629 in
1204 566 1301 631 modo
1326 566 1416 630 verhi
1441 567 1622 631 sententiae
1646 565 1801 631 relativae
1827 569 2002 633 statuendo

193 677 335 742 editores
359 696 425 740 non
450 675 674 739 consentiunt:

353 785 422 848 Div.
448 782 475 846 ll
498 781 521 867 ξ
548 782 624 845 102:
651 799 758 863 neque
783 786 895 844 nostra
920 780 998 844 nihil
1023 781 1158 844 interest
1181 781 1265 844 scire
1290 798 1338 854 ea,
1364 778 1595 867 quaefuturu
1621 779 1698 845 siat.

354 888 491 974 111qu
517 889 593 952 105;
620 893 652 951 at
677 895 788 951 nostra
812 888 945 950 interest
970 889 1054 950 scire
1079 905 1127 961 ea,
1154 904 1237 968 quae
1264 889 1431 952 euentura
1454 886 1530 952 sint.

353 998 411 1061 His
435 996 564 1060 duobus
589 995 670 1058 locis
695 994 941 1075 conjunctivum
966 994 1065 1058 hahet
1089 994 1244 1070 Klotzius,
1275 994 1405 1057 indicat.
1431 994 1580 1060 Baiterus
1606 1002 1637 1060 et
1662 996 1847 1060 Muellerus.
1882 997 2003 1061 Eadem

194 1105 260 1169 lere
290 1105 390 1169 verba
419 1105 643 1168 inveniuntur:
675 1103 743 1166 lliv.
771 1101 903 1187 1§82,
930 1102 985 1165 nbi
1009 1108 1119 1165 tamen
1144 1103 1241 1165 etiam
1266 1101 1412 1165 Klotzius
1435 1102 1647 1167 indicativum
1674 1103 1846 1185 legendum
1872 1110 2001 1168 censet:

194 1231 300 1295 neque
325 1218 437 1276 nostra
462 1211 541 1274 nihil
566 1212 700 1274 interest
723 1211 807 1272 scire
832 1228 880 1284 ea,
907 1228 989 1291 quae
1014 1211 1182 1274 euentura.
1205 1216 1293 1272 suat.

353 1319 402 1383 Ad
432 1318 688 1400 dijudicandum,
719 1324 826 1381 utrum
856 1317 1086 1398 conjunctivus
1110 1335 1152 1378 an
1178 1316 1373 1379 indicativus
1397 1316 1448 1379 his
1472 1317 1554 1381 locis
1578 1317 1736 1398 legendus
1760 1318 1810 1393 sit,
1836 1319 1947 1381 omnia
1971 1319 2003 1381 in

193 1428 387 1491 auctoritate
416 1426 567 1490 codicum
597 1426 704 1506 posita
732 1443 805 1488 osse
834 1423 993 1487 videntur.
1047 1423 1129 1486 Nam
1159 1441 1243 1504 quae
1274 1422 1417 1505 disputat
1446 1423 1621 1488 Muellerus
1645 1423 1860 1504 (Fleckeiseni
1885 1424 2002 1488 Annal.

196 1533 280 1598 1864
316 1552 387 1616 pag.
418 1531 504 1619 629),
535 1532 632 1596 indic.
664 1532 714 1595 his
743 1531 825 1596 locis
855 1532 1076 1595 necessarium
1107 1550 1189 1605 esse,
1220 1537 1395 1612 propterea
1424 1532 1513 1613 quod
1542 1549 1725 1613 pronomen
1755 1550 1798 1595 ca
1820 1532 2002 1606 antecedat,

195 1660 268 1706 vere
293 1646 402 1705 essent
427 1641 601 1721 disputata,
626 1641 653 1703 si
678 1640 908 1721 conjunctivus
933 1638 1051 1701 modus
1075 1638 1125 1701 his
1150 1638 1231 1702 locis
1256 1637 1346 1702 nulla
1369 1638 1434 1702 alia
1458 1639 1584 1703 ratione
1609 1637 1765 1719 explicari
1777 1645 1890 1720 posset
1906 1658 2004 1721 quam

194 1767 252 1830 pro
286 1748 498 1830 conjunctivo
532 1747 735 1830 quaestionis
768 1745 957 1810 indirectae.
1006 1744 1100 1824 Quod
1135 1746 1287 1809 nimirum
1317 1744 1413 1825 longe
1437 1744 1532 1810 aliter
1554 1764 1627 1810 sese
1652 1744 1759 1809 habet.
1808 1746 1891 1826 Quid
1916 1747 2002 1810 enim

194 1855 311 1931 obstat,
337 1856 513 1938 quominus
538 1855 590 1918 hic
616 1854 846 1934 conjunctivus
870 1871 929 1934 per
952 1853 1040 1916 modi
1064 1853 1291 1917 attractionem
1316 1853 1442 1933 positus
1466 1871 1540 1917 esse
1564 1851 1746 1916 habeatur?
1769 1854 1816 1918 Ac
1841 1873 1940 1936 quum
1966 1872 2006 1917 ca

194 1964 235 2026 sit
258 1963 410 2026 codicum
435 1962 528 2033 ratio,
563 1967 598 2024 ut
622 1960 647 2024 ll
671 1959 693 2046 ξ
720 1959 937 2035 resonares,
963 1960 973 2023 l
998 1959 1020 2045 ξ
1044 1961 1086 2024 82
1106 1956 1233 2043 plnres
1258 1959 1390 2023 codices
1414 1956 1484 2022 siat
1506 1958 1659 2033 habeant,
1685 1979 1751 2025 non
1776 1962 1898 2035 dubito,
1925 1960 2004 2042 quin

193 2071 244 2133 his
277 2069 407 2133 duobus
441 2069 523 2133 locis
556 2068 707 2132 codicum
741 2068 968 2131 auctoritatem
1002 2086 1075 2131 esse
1109 2067 1310 2149 sequendam
1345 2085 1507 2131 censeam.
1557 2066 1651 2145 Quod
1676 2074 1784 2131 autem
1809 2069 1851 2131 ad
1875 2068 2004 2131 tertium

193 2175 285 2241 illum
310 2175 418 2239 locum
444 2176 571 2239 attinet:
598 2175 670 2260 11&
696 2174 768 2249 102,
795 2193 994 2256 quamquam
1019 2193 1105 2237 unus
1130 2182 1255 2237 tantum
1279 2173 1384 2238 codex
1409 2171 1477 2237 sint
1500 2173 1644 2255 praehet,
1669 2182 1790 2251 tamen,
1816 2194 1916 2257 quum
1941 2174 2004 2238 hoc

194 2284 268 2347 loco
292 2288 458 2364 repetatur
481 2283 595 2346 eadem
622 2283 703 2345 ratio
729 2280 925 2356 Stoicorum,
951 2300 1016 2365 qua
1041 2282 1274 2345 divinationem
1300 2300 1373 2345 esse
1398 2280 1613 2356 concluditur,
1640 2301 1724 2364 quae
1749 2281 1760 2345 l
1784 2281 1866 2367 §82
1885 2282 2006 2362 scripta

195 2391 262 2463 luit,
289 2389 426 2454 fortasse
451 2389 492 2453 ad
517 2387 762 2452 similitudinem
787 2388 918 2470 plenam
943 2387 1149 2452 efficiendam
1174 2389 1237 2452 hoc
1262 2407 1394 2471 quoque
1419 2387 1494 2451 loco
1520 2389 1751 2469 conjunctivus
1769 2389 1928 2470 legendus
1946 2393 2003 2452 est.

355 2496 523 2578 Objective
547 2494 687 2560 fortasse
712 2496 854 2577 positum
879 2501 928 2559 est
952 2496 1049 2558 etiam
1074 2495 1153 2558 illud
1182 2494 1309 2560 »lutura
1333 2496 1429 2572 sino,
1455 2495 1544 2577 quod
1568 2497 1726 2577 scriptum
1751 2496 1916 2559 invenitur

354 2603 422 2667 Div.
457 2603 469 2667 l
502 2601 524 2687 ξ
560 2604 636 2667 127:
673 2605 728 2686 qui
762 2603 849 2667 enim
884 2608 993 2666 teneat
1027 2621 1163 2666 caussas
1196 2621 1305 2666 rerum
1331 2602 1522 2677 futurarum,
1548 2603 1634 2667 idem
1660 2622 1796 2668 necesse
1821 2608 1870 2667 est
1895 2603 2004 2666 omnia

194 2716 312 2786 teneat,
339 2729 422 2793 quae
436 2708 571 2798 sutura
594 2707 672 2774 sint.

354 2817 388 2880 ln
413 2818 575 2882 sententia
599 2817 735 2881 relativa
753 2815 928 2880 universali
946 2816 1062 2897 legitur
1084 2816 1244 2879 »futurum
1266 2818 1326 2879 sit»
1346 2816 1508 2897 objectiva
1526 2818 1581 2881 lut.
1600 2819 1756 2900 temporis
1772 2819 1803 2880 vi
1822 2818 2003 2899 praeditum

354 2924 422 2988 Fat.
447 2923 470 3009 ξ
497 2925 549 2988 13:
577 2924 734 3008 quidquid
747 2921 918 3011 saturum
943 2921 994 2998 sit,
1020 2923 1052 2986 id
1077 2923 1155 2986 dicit
1179 2923 1247 2987 fieri
1272 2941 1408 2988 necesse
1433 2943 1506 2987 esse
1531 2931 1571 2999 et,
1597 2925 1755 3008 quidquid
1773 2944 1838 2989 non
1856 2922 1901 2989 sit
1904 2922 2005 3011 suta·

195 3049 284 3111 rum,
309 3032 341 3095 id
367 3039 463 3113 negat
487 3032 556 3096 fieri
580 3050 688 3113 posse.

354 3138 426 3202 Alia
459 3145 536 3202 sunt
568 3138 718 3219 exempla
750 3138 836 3219 conj.
871 3157 977 3220 praes.
1003 3136 1058 3201 lut.
1086 3138 1226 3220 periphr.
1252 3138 1415 3219 objectiva
1440 3137 1538 3202 loturi
1563 3141 1719 3221 temporis
1744 3141 1774 3204 vi
1799 3140 1936 3222 praediti
1962 3141 2005 3203 ita

194 3252 394 3327 comparata,
429 3253 465 3309 ut
497 3247 530 3309 in
563 3246 602 3308 iis
636 3246 720 3308 inter
752 3263 787 3308 se
819 3252 1028 3326 opponantur
1061 3252 1117 3308 aut
1141 3246 1201 3308 tria
1226 3245 1280 3308 illa
1306 3246 1461 3326 temporis
1484 3265 1614 3327 genera,
1641 3265 1757 3329 praes,
1783 3248 2004 3328 praeteritum,

194 3352 347 3428 luturum,
384 3360 441 3416 aut
464 3360 592 3434 tempus
617 3371 773 3433 praeseus
798 3358 830 3416 et
855 3353 996 3416 futurum
1022 3358 1078 3416 aut
1101 3352 1243 3435 denique
1268 3353 1477 3433 praeteritum
1503 3362 1534 3416 et
1559 3354 1710 3417 loturum.
1759 3354 1795 3417 ln
1818 3354 2004 3417 huiusmodi

194 3461 364 3524 sententiis
398 3460 575 3523 indicativo
611 3459 710 3522 modo
744 3459 910 3523 utentibus
944 3479 1044 3543 quum
1078 3478 1317 3540 saepenumero
1352 3459 1438 3540 apud
1469 3459 1663 3524 Ciceronem
1688 3460 1783 3524 indic.
1810 3480 1916 3543 praes.
1948 3459 2003 3523 lut.

194 3567 335 3649 periphr.
362 3567 557 3631 adhibeatur
568 3566 600 3652 ¹),
625 3567 781 3649 sequitur,
808 3574 842 3630 ut
868 3567 919 3630 hic
944 3567 1029 3647 conj.
1056 3584 1161 3648 praes.
1187 3565 1243 3629 lut.
1270 3566 1412 3647 periphr.
1431 3564 1618 3632 indicativo
1631 3566 1831 3655 praesset.
1849 3565 2004 3652 periples.
2088 3591 2104 3609 =

194 3673 394 3755 respondere
419 3675 531 3756 possit.

356 3780 410 3843 Ex.
436 3788 512 3845 sunt
536 3782 633 3845 haec:

356 3888 424 3951 lliv.
450 3889 506 3973 l§
534 3889 609 3952 126:
646 3889 746 3951 latum
780 3906 880 3951 causa
905 3893 1038 3951 aeterna
1062 3906 1180 3961 rerum,
1206 3907 1265 3951 cur
1289 3895 1320 3952 et
1344 3907 1391 3965 ea,
1423 3908 1507 3971 quae
1533 3887 1901 3976 praeterierunt,facta
1927 3887 2005 3969 siat,

195 4002 227 4058 et
250 4014 335 4078 quae
359 3991 599 4084 instantjiout
620 4003 652 4060 et
676 4014 760 4078 quae
785 4001 967 4077 sequuntur
979 3992 1114 4080 ficturo
1137 3993 1213 4058 sint.

355 4101 392 4164 N.
427 4101 462 4164 D.
488 4102 500 4166 l
524 4101 546 4186 ξ
573 4103 649 4165 116;
684 4121 725 4166 an
756 4101 935 4184 quidquam
966 4103 1121 4165 eximium
1146 4109 1350 4183 potestesse
1375 4104 1406 4165 in
1432 4122 1470 4167 ea
1496 4109 1619 4179 natura,
1646 4124 1730 4187 quae
1755 4124 1815 4168 sua
1840 4105 2006 4186 voluptate

195 4208 321 4271 laetans
346 4207 425 4271 nihil
451 4227 511 4272 nec
537 4212 660 4273 actura
684 4207 728 4272 su
751 4227 906 4291 umquam
931 4227 1037 4291 neque
1063 4212 1148 4290 aqut
1172 4228 1278 4292 neque
1303 4207 1419 4290 cuerit.

355 4314 516 4379 Praesens
541 4321 571 4379 et
596 4315 739 4379 loturum
765 4317 849 4379 inter
872 4334 908 4380 se
933 4323 1160 4396 opponuntur:

356 4422 424 4486 l‘at.
449 4424 471 4507 ς’
500 4423 553 4486 13;
579 4422 632 4486 ille
656 4423 688 4486 id
712 4423 819 4487 solum
844 4422 913 4486 fieri
937 4442 1035 4504 posse
1059 4422 1145 4497 dicit,
1172 4423 1260 4505 quod
1285 4431 1341 4488 aut
1364 4423 1408 4488 sit
1430 4445 1542 4488 verum
1567 4434 1622 4489 aut
1644 4424 1805 4505 ficturum
1820 4425 1862 4490 sit
1878 4445 1999 4490 verum.

356 4529 422 4593 Fal.
448 4528 471 4614 ξ
498 4531 536 4593 17
561 4528 631 4614 (Ιά.)

813 4636 992 4700 Praeterito
1016 4637 1193 4718 opponitur
1215 4636 1373 4701 futurum:

720 4742 757 4806 N.
785 4743 820 4806 ll.
846 4742 1014 4828 111§32:
1041 4749 1153 4806 natum
1178 4743 1228 4818 sit,
1242 4740 1413 4828 ficturum
1437 4744 1493 4824 sit,

721 4849 784 4914 Au.
809 4850 861 4924 Xl,
888 4851 917 4926 7,
943 4849 976 4913 5:
1003 4848 1185 4923 detulerint,
1212 4845 1368 4914 delaturi
1389 4849 1473 4930 sint,¹

720 4961 767 5020 De
793 4955 878 5022 Orat.
905 4956 931 5020 ll
954 4956 977 5041 ξ
1000 4956 1079 5020 306;
1106 4955 1235 5030 dixeris
1262 4953 1417 5022 dicturas
1441 4957 1506 5027 sis:

723 5065 827 5128 Divin.
853 5065 886 5128 in
911 5064 1031 5130 Caecil.
1078 5063 1100 5148 ξ
1124 5064 1180 5126 71;
1206 5061 1458 5151 lueritsuturu
1481 5065 1533 5131 sit.

360 5280 379 5347 ¹)
400 5279 452 5334 Clr.
474 5279 557 5349 prael.
