4274 5790
1857 288 1898 351 37

298 470 389 550 Quae
413 469 566 550 ambigua
588 475 664 533 sunt
688 469 847 551 exempla,
872 469 973 534 attuli.
1021 468 1095 533 tam
1120 487 1180 532 nos
1205 467 1439 532 transferamus
1462 467 1505 531 ad
1528 485 1568 530 ea
1592 467 1751 548 exempla,
1770 466 1946 548 dequibus

69 576 280 642 dubitari
303 595 370 641 non
393 582 509 659 potest,
535 577 614 659 quin
637 575 679 639 ad
702 594 805 658 genus
828 575 1006 658 potentiale
1030 575 1222 658 pertineant.

279 682 391 748 .Finn.
415 683 456 748 ΙΙΙ
479 682 502 769 ξ
525 683 582 747 38:
608 683 681 766 quis
705 687 813 747 autem
838 682 977 747 honesta
999 683 1033 746 in
1057 681 1178 747 familia
1201 681 1367 745 institutus
1391 686 1423 745 et
1446 680 1604 745 educatus
1628 681 1767 762 ingenue
1792 700 1858 745 non
1875 682 1947 764 ipsa

74 791 349 873 turpitudine,
373 791 472 856 etiam
497 791 525 854 si
549 809 625 855 eum
651 785 795 855 laesura
817 806 885 852 non
908 786 960 869 sit,
985 787 1179 853 offenditur?

298 897 402 962 Etiam
425 898 454 962 si
477 916 553 962 eum
576 897 707 962 laesura
730 915 797 962 non
821 895 863 960 sit
886 915 918 960 o:
943 896 1042 960 etiam
1064 896 1093 960 si
1116 913 1191 960 eum
1215 894 1345 959 laedere
1369 913 1435 958 non
1461 895 1572 975 possit,
1598 896 1696 960 etiam
1720 896 1748 959 si
1764 896 1855 972 sciat,
1873 914 1945 960 eam

83 1016 128 1066 aa
167 1019 266 1070 non
289 1004 453 1070 laesuram
476 1022 559 1069 esse.

299 1110 425 1177 Cluent.
460 1129 505 1175 or.
539 1109 562 1197 ξ
594 1110 671 1176 158;
706 1129 773 1176 non
805 1110 893 1175 enim
917 1109 1022 1176 debeo
1046 1108 1204 1186 dubitare,
1225 1110 1365 1192 judices,
1391 1111 1480 1192 quin,
1506 1111 1534 1174 si
1558 1128 1623 1193 qua
1647 1128 1749 1175 causa
1772 1110 1881 1175 delata
1904 1111 1947 1174 sit

101 1208 222 1295 ab,
254 1219 310 1302 qui
342 1218 413 1300 lege
445 1236 513 1282 non
544 1223 704 1294 teneatur,
738 1218 835 1282 etiam
860 1218 888 1280 si
911 1217 939 1281 is
962 1217 1144 1282 invidiosus
1167 1216 1325 1293 videatur,
1351 1217 1449 1311 etiam
1473 1219 1501 1281 si
1525 1237 1601 1282 eum
1626 1218 1769 1294 oderitis
1795 1218 1945 1282 etiamsi

99 1314 232 1390 iuviti
254 1321 451 1391 absoluturi
471 1323 553 1401 sitia,
579 1332 689 1390 tamen
713 1322 891 1390 absolvatis
915 1330 947 1388 et
969 1323 1117 1405 religioni
1141 1324 1249 1405 potius
1272 1331 1400 1390 vestrae
1425 1344 1524 1408 quam
1549 1325 1625 1390 odio
1649 1325 1801 1407 pareatis.

301 1431 438 1497 Difficile
470 1431 559 1497 dictu
591 1438 648 1506 est,
686 1432 841 1515 quidnam
865 1432 908 1495 sit
930 1449 1060 1507 causac,
1086 1450 1145 1496 cur
1169 1426 1366 1497 absoluturi
1387 1429 1469 1508 sitis,
1494 1451 1562 1497 non
1586 1428 1778 1498 absolvatis
1802 1433 1948 1514 posuerit

99 1524 258 1605 Cieem
291 1540 325 1603 in
358 1539 582 1603 enuntiatione
615 1540 817 1604 concessiva.
869 1539 1013 1603 Necesse
1036 1539 1123 1602 enim
1148 1537 1380 1616 videturesse,
1406 1546 1578 1623 utramque
1602 1541 1798 1605 sententiam
1821 1545 1854 1604 et
1876 1559 1947 1621 pro·

98 1636 226 1711 ¹⁸8in
257 1652 290 1712 et
319 1645 490 1728 apoduein,
525 1665 627 1728 quum
658 1664 759 1710 unam
791 1645 996 1728 eandemque
1019 1646 1183 1710 actionem
1207 1645 1398 1727 significent,
1424 1647 1510 1712 idem
1534 1654 1663 1730 tempus
1686 1646 1817 1712 habere.
1865 1645 1947 1712 Con-

94 1736 306 1821 inactivus
329 1759 438 1818 autem
462 1754 645 1835 praesentis
669 1751 725 1817 lut.
749 1752 891 1835 periphr.
916 1753 950 1817 iu
974 1771 1024 1817 en.
1050 1752 1246 1817 secundaria
1268 1753 1310 1817 ad
1334 1753 1579 1835 oonjnnctivum
1597 1773 1702 1838 praes.
1720 1755 1878 1837 simplicis
1895 1774 1945 1819 en.

97 1853 314 1928 primariae
338 1860 460 1926 relatus
483 1861 619 1925 ulterius
643 1859 787 1925 futurum
811 1866 940 1942 tempus
963 1859 1132 1942 significat.
1181 1860 1271 1940 Quae
1296 1880 1396 1943 quum
1420 1863 1465 1926 ita
1489 1863 1562 1939 sint,
1587 1868 1805 1945 exspectares
1839 1863 1947 1945 potius

10 1980 13 1985 ·
94 1950 177 2027 hic
216 1969 376 2051 scriptum
400 1966 514 2033 luisse:
540 1987 607 2032 non
631 1967 736 2033 debeo
761 1967 920 2044 dubitare,
946 1968 1024 2050 quin
1039 2004 1083 2013 —
1102 2004 1139 2013 -
1161 1968 1314 2031 -etiam
1339 1969 1367 2031 si
1390 1969 1481 2033 inviti
1503 1964 1704 2046 absoloalis,
1725 1965 1947 2034 tamenabso-

92 2054 250 2142 lutum·
280 2073 362 2157 sitia,
396 2077 430 2140 in
463 2094 528 2159 quo
562 2070 761 2140 absoluturi
791 2072 864 2140 sitis
898 2094 939 2139 ex
972 2069 1164 2139 absolvatis
1196 2075 1229 2137 in
1263 2075 1410 2139 oratione
1445 2094 1511 2139 non
1539 2076 1695 2158 pendenti
1719 2082 1825 2140 ortum
1850 2080 1945 2141 esset.

10 2202 20 2255 t,
83 2161 255 2266 Neque
277 2201 413 2266 prorsus
437 2182 629 2247 incredibile
653 2182 733 2246 mihi
756 2182 884 2246 videtur
907 2182 960 2246 hic
984 2182 1275 2246 commutationem
1300 2180 1444 2265 aliquam
1468 2201 1541 2247 esse
1565 2182 1695 2259 iactam,
1724 2183 1769 2248 ita
1793 2189 1828 2247 ut
1851 2178 1948 2247 abso-

14 2264 26 2345 Ι
81 2266 252 2357 lutari
282 2288 356 2357 silis
378 2296 411 2356 et
434 2286 626 2376 absolvatis
649 2290 759 2354 locum
783 2291 867 2354 inter
890 2308 926 2354 se
950 2295 1198 2366 commutarent,
1224 2295 1256 2353 et
1278 2289 1367 2353 illam
1393 2289 1524 2373 quidem
1549 2288 1590 2353 ab
1614 2309 1654 2354 eo
1679 2288 1809 2368 factam,
1835 2290 1890 2372 qui
1914 2290 1947 2353 in

73 2374 270 2464 ‘luobus
293 2397 357 2462 illis
381 2397 543 2479 copulatis
567 2403 599 2461 et
623 2397 760 2461 diversis
784 2397 1002 2479 conjunctivis
1027 2396 1258 2461 ollenderetur:
1284 2395 1465 2460 absoluturi
1489 2397 1559 2460 sitis
1587 2435 1624 2443 -
1649 2398 1800 2480 pareatis.
1856 2397 1947 2476 Quae

68 2499 272 2571 quidem
297 2511 445 2587 tempora
468 2506 496 2568 si
520 2504 639 2569 fuerint
663 2505 704 2569 ab
729 2506 820 2569 initio
844 2505 1031 2586 conjuncta,
1056 2505 1136 2569 satis
1160 2504 1242 2568 haec
1258 2503 1439 2586 explicatur
1455 2504 1645 2586 conjunctio
1663 2503 1831 2587 exemplis,
1850 2502 1947 2587 quale

61 2606 172 2669 ³⁸1
210 2613 311 2678 Arch.
337 2612 425 2677 Post.
450 2610 473 2698 ξ
496 2611 552 2677 30;
578 2613 660 2677 haec
684 2610 866 2698 (memoria)
890 2613 959 2676 sive
983 2609 1128 2699 usutura
1153 2614 1204 2675 est
1226 2612 1294 2675 sive
1318 2610 1426 2675 -ad
1451 2611 1596 2695 aliquam
1622 2613 1687 2676 mei
1708 2617 1832 2694 partem
1843 2609 1947 2694 perti·

57 2709 240 2794 nebu,
275 2738 363 2783 nunc
395 2718 526 2801 quidem
562 2725 649 2783 certe
683 2720 879 2800 cogitatione
903 2719 1057 2784 delector.
1105 2719 1227 2783 Eadem
1252 2719 1338 2783 enim
1362 2718 1396 2781 in
1419 2725 1558 2802 utroque
1582 2719 1656 2783 loco
1680 2725 1730 2783 est
1754 2737 1864 2796 causa,
1889 2737 1949 2783 cur

55 2799 278 2891 foPuram
313 2825 584 2909 periphrasticam
617 2827 759 2909 excipiat
790 2825 896 2891 torma
927 2827 1019 2890 verbi
1052 2826 1200 2908 simplex,
1235 2827 1267 2889 in
1300 2843 1340 2890 eo
1373 2826 1488 2907 posita,
1523 2827 1611 2909 quod
1639 2827 1768 2909 utrique
1792 2825 1892 2890 verbo
1916 2831 1948 2890 et

56 2926 276 2999 parendi
309 2939 341 2998 et
374 2932 558 3015 pertinendi
587 2932 678 2996 deest
703 2932 809 2998 forma
832 2933 993 3015 participii
1018 2931 1115 2997 luturi
1138 2930 1350 3019 (quamquam
1374 2933 1415 2997 de
1438 2931 1539 2997 verbo
1564 2933 1700 3015 parendi
1724 2933 1947 2997 adnotandum

60 3033 187 3113 ³81,
230 3040 321 3122 apud
351 3039 517 3105 tustinum
549 3039 657 3104 solum
686 3038 872 3124 pariturus
896 3040 993 3105 nobis
1017 3039 1212 3123 occurrere).
1260 3039 1407 3103 Alterum
1431 3059 1492 3115 ex,
1518 3040 1573 3104 ubi
1598 3040 1843 3122 conjunctivum
1869 3040 1948 3122 peri·

67 3131 341 3213 phrasticum
374 3148 494 3229 excipit
527 3148 756 3229 conjunctivus
781 3149 919 3230 simplex
942 3149 1043 3225 verbi,
1078 3151 1130 3213 cui
1155 3149 1247 3212 deest
1275 3147 1481 3229 participium
1506 3146 1614 3224 futuri,
1638 3167 1698 3230 pro
1723 3148 1808 3229 conj.
1837 3143 1951 3227 futuri

76 3251 278 3329 positus,
303 3254 406 3318 habes
429 3255 489 3335 Qu.
515 3255 552 3319 fr.
578 3254 628 3331 ΙΙΙ,
656 3256 684 3330 1,
712 3256 762 3320 11.

300 3362 392 3426 Finn.
418 3361 446 3425 V
469 3360 492 3446 ξ
515 3363 571 3426 46;
597 3361 783 3446 multosque
807 3363 904 3427 etiam
929 3361 1060 3427 dolores
1084 3365 1141 3442 (sc.
1167 3361 1301 3426 videsne
1326 3360 1371 3447 ut)
1396 3361 1575 3426 curationis
1591 3380 1693 3426 causa
1708 3361 1882 3443 perierant,
1904 3369 1947 3438 ut,

104 3459 157 3525 Si
185 3469 261 3553 ipse
285 3489 366 3535 usus
390 3469 613 3533 membrorum
638 3488 705 3533 noo
727 3470 826 3534 modo
851 3488 918 3534 non
942 3471 1055 3546 maior,
1080 3488 1194 3534 verum
1218 3470 1316 3534 etiam
1341 3469 1448 3533 minor
1459 3468 1614 3557 suturas
1629 3466 1681 3548 sit,
1706 3487 1820 3533 eorum
1839 3476 1949 3535 tamen

123 3578 271 3653 species
294 3577 335 3641 ad
361 3582 511 3640 naturam
534 3577 736 3640 revertatur?

301 3680 363 3747 Oll.
397 3682 439 3746 111
471 3681 573 3767 §682
611 3690 730 3747 suntne
763 3684 858 3766 igitur
890 3683 1027 3747 insidiae
1051 3685 1185 3748 tendere
1209 3683 1332 3765 plagas,
1357 3683 1484 3746 etiamsi
1508 3679 1619 3769 (ieras)
1643 3680 1858 3748 excitaturus
1883 3702 1950 3747 uon

142 3781 189 3850 ais
211 3807 273 3853 uec
298 3787 505 3872 agitaturus.
554 3810 585 3855 o:
611 3791 739 3854 etiamsi
763 3792 905 3854 excitare
929 3792 963 3853 in
987 3791 1097 3855 animo
1122 3810 1189 3854 non
1213 3790 1336 3854 habeas
1361 3809 1421 3854 nec
1446 3790 1576 3870 agitare.

301 3895 393 3981 Conj.
420 3894 615 3981 imperfecti
637 3896 692 3961 fut.
719 3897 859 3979 periphr.
885 3897 917 3960 in
942 3898 1104 3961 sententia
1126 3898 1321 3962 concessiva
1344 3895 1413 3961 asi
1425 3897 1611 3979 incipiente,
1630 3916 1714 3980 quae
1731 3897 1950 3978 sumptionem

146 4007 288 4069 continet
309 4005 357 4068 rei
381 4004 547 4086 possibilis
572 4004 658 4068 illius
682 4003 813 4086 quidem
838 4004 896 4068 sed
920 4005 1074 4083 incertae,
1100 4005 1216 4086 legitur

228 4121 232 4127 '
300 4111 408 4177 Flacc.
433 4110 455 4197 ξ
480 4112 514 4175 2;
541 4112 628 4194 quod
653 4112 680 4175 si
705 4114 794 4176 esset
815 4111 993 4194 aliquando
1008 4108 1179 4192 futurum,
1198 4118 1232 4176 ut
1248 4111 1367 4194 aliquis
1384 4110 1424 4175 de
1441 4111 1474 4174 L.
1493 4111 1603 4180 Flacci
1622 4113 1766 4193 pernicie
1783 4112 1950 4193 cogitaret,

143 4236 320 4304 numquam
344 4225 455 4283 tamen
478 4219 670 4296 existimavi,
696 4218 732 4282 D.
758 4218 903 4283 Laelium
928 4238 1000 4283 eam
1025 4226 1253 4301 suscepturum
1278 4219 1533 4283 accusationem.

301 4326 488 4391 Pronomen
516 4325 643 4408 »quoda
669 4325 808 4389 fortasse
832 4344 900 4389 non
923 4333 973 4389 est
996 4325 1026 4388 h.
1051 4325 1070 4388 l.
1094 4325 1146 4389 ille
1169 4327 1378 4390 accusativus
1402 4325 1608 4400 adverbialis,
1635 4326 1690 4408 qui
1709 4343 1729 4389 a
1746 4325 1841 4390 nobis
1858 4344 1952 4390 voca·

140 4433 219 4502 bulo
256 4452 369 4498 »mena
406 4435 486 4498 verti
520 4433 613 4507 solet,
648 4432 705 4496 sed
739 4432 924 4514 subjectum
956 4433 1152 4497 sententiae:
1187 4433 1310 4498 hvillret
1334 4453 1387 4498 om
1413 4431 1514 4498 ockst
1538 4463 1579 4485 =
1604 4451 1679 4496 men
1704 4451 1758 4496 om
1782 4452 1827 4496 nu
1852 4430 1953 4497 ockst

140 4541 238 4618 detta,
273 4547 371 4624 atque
404 4541 537 4622 respicit
560 4540 702 4621 priorem
726 4541 931 4602 sententiam.
984 4539 1159 4603 »Futurum
1184 4547 1289 4606 esset»
1316 4539 1504 4623 potentialis
1528 4540 1758 4622 conjunctivus
1782 4546 1832 4604 est
1854 4547 1953 4623 atque

139 4647 323 4730 imperfecti
356 4648 461 4712 forma
494 4649 594 4711 utitur
626 4653 660 4709 ut
693 4646 981 4710 accommodatum
1014 4646 1055 4710 ad
1079 4651 1305 4728 praeteritum:
1340 4645 1541 4713 existimaui
1562 4647 1743 4712 sententiae
1769 4647 1951 4729 primariae.

139 4757 312 4822 Postremo
344 4762 393 4819 est
418 4755 652 4838 quaerendum,
688 4773 766 4817 num
790 4754 824 4817 in
847 4754 957 4818 verbis
980 4754 1057 4818 illis:
1071 4751 1244 4841 futurum
1269 4759 1365 4830 esset,
1392 4758 1429 4820 ut
1451 4753 1621 4838 cogitaret
1643 4753 1809 4818 oernenda
1833 4755 1875 4817 sit
1897 4752 1954 4817 illa

138 4862 290 4929 circuitio
324 4862 422 4927 futuri
455 4861 692 4944 periphrastici,
726 4861 820 4924 cuius
856 4861 977 4926 docent
1000 4863 1202 4943 grammatici
1228 4863 1377 4928 nonnulli
1400 4862 1468 4943 (cfr.
1495 4860 1775 4927 Lattm-Miiller
1796 4858 1819 4944 ξ
1843 4860 1895 4937 99,
1921 4860 1953 4938 3)

138 4989 237 5037 usum
262 4970 422 5052 triplicem
447 4971 581 5033 omnino
606 4987 688 5034 esse.
736 4968 968 5034 Circumscribi
993 4971 1080 5034 enim
1105 4970 1218 5035 dicunt
1242 4972 1273 5052 t)
1296 4971 1543 5052 conjunctivum
1567 4969 1624 5033 fut.
1642 4969 1764 5052 passivi
1788 4965 1820 5053 2)
1837 4966 1952 5031 inlinit.

137 5077 198 5144 sut.
223 5078 345 5160 passivi
371 5081 415 5158 (et
438 5095 688 5158 nonnumquam
711 5078 820 5157 activi)
844 5076 877 5158 3)
893 5077 1158 5159 conjugationem
1175 5078 1316 5159 periphr.
1340 5079 1480 5142 activam
1499 5094 1613 5140 eorum
1632 5075 1816 5150 verborum,
1835 5075 1954 5157 quibus

136 5183 226 5249 desit
249 5184 456 5266 participium
481 5182 537 5247 fut.
563 5183 668 5246 activi.
718 5183 825 5267 Atque
850 5185 1130 5265 praemonendum
1156 5191 1213 5262 est,
1239 5187 1266 5248 si
1295 5185 1457 5249 »futurum
1482 5189 1578 5259 esset,
1603 5189 1639 5247 ut
1663 5184 1840 5265 cogitaret»
1867 5181 1955 5266 copi·

139 5291 279 5358 taturus
311 5293 401 5356 esset
431 5290 724 5366 circumscriberet,
759 5291 823 5356 hoc
856 5291 1043 5374 exemplum
1079 5292 1185 5357 solum
1220 5292 1407 5375 exemplum
1441 5291 1629 5357 huiusmodi
1662 5290 1955 5356 circumscribendi
