4274 5790
1893 277 1933 342 19

330 458 419 522 Fam.
445 456 524 532 Vlll,
553 458 603 534 16,
631 458 646 520 1
673 455 829 543 (Caelius)
854 489 894 510 =
920 456 1157 533 1111100
1192 476 1266 521 nam
1301 457 1381 520 deos
1414 456 1696 537 hominesque-
1726 455 1891 532 testificor,
1926 474 1977 519 me

169 564 224 629 tibi
257 565 458 647 praedixisse
490 582 597 644 neque
632 569 753 630 temere
785 564 962 641 monuisse,
995 564 1054 629 sed
1081 572 1255 646 postquam
1279 563 1453 629 Caesarem
1478 563 1689 628 convenerim
1712 563 1976 643 sententiamque

168 674 248 748 eiua,
272 671 379 754 qualis
390 669 525 760 sutura
549 674 637 735 00001
659 678 752 753 parta
776 672 921 747 victoria,
948 672 1167 752 cognoverim,
1192 679 1223 736 te
1246 671 1417 737 certiorem
1441 670 1567 736 iecisse.

328 778 450 844 Verba:
475 777 672 864 (postquam)
696 779 890 844 sententiam
915 778 995 853 eius,
1020 778 1126 859 qualis
1151 778 1258 843 lutura
1286 784 1426 855 esset—,
1451 779 1659 858 cognoverim
1685 776 1852 859 prolepsin
1876 778 1975 842 conti·

168 892 254 961 nent,
279 886 319 950 de
343 906 408 966 qua
430 887 504 952 vide
529 886 654 968 Hoppe,
680 886 738 950 der
761 885 854 967 Conj.
879 885 937 949 der
959 885 1087 967 conjug.
1112 886 1253 967 periphr.
1278 892 1338 950 etc.
1364 903 1434 966 pag.
1459 885 1489 950 4.

327 993 473 1058 Alterum
497 991 692 1074 exemplum,
718 992 774 1056 nbi
797 992 883 1074 conj.
908 992 997 1074 impl.
1022 991 1078 1056 int.
1103 993 1243 1075 periphr.
1261 993 1409 1073 sequitur
1424 992 1672 1074 conjunctivum
1688 990 1778 1074 peri,
1797 997 1847 1056 est

327 1100 437 1165 Plane.
462 1119 508 1164 or.
532 1099 554 1185 ξ
576 1100 633 1164 4οε
657 1100 776 1165 deinde
799 1099 947 1165 eiiundas
970 1106 1113 1182 repente,
1138 1105 1174 1163 nt
1196 1108 1271 1164 ante
1294 1117 1487 1164 consessum
1511 1119 1658 1164 meorum
1678 1099 1827 1181 judicum
1848 1099 1976 1162 videam

168 1222 265 1286 quam
291 1208 451 1289 potuerim
476 1207 531 1288 qui
556 1208 670 1272 000001
679 1203 805 1293 futuri
826 1206 1008 1290 suspicari?

326 1314 396 1379 Hoc
421 1315 495 1378 loco
518 1314 631 1395 quaeri
655 1320 771 1396 potest,
799 1320 906 1379 utrum
935 1315 1134 1396 1001001101»
1161 1313 1392 1394 conjunctivus
1416 1314 1457 1377 sit
1481 1311 1977 1395 101011010011000011.ρ100-

166 1422 276 1483 sentis.
325 1420 374 1484 Ad
408 1421 493 1485 hanc
526 1428 633 1486 autem
663 1422 890 1502 quaestionem
915 1420 1158 1502 dijudicandam
1183 1422 1405 1485 necessarium
1429 1428 1478 1485 est
1502 1421 1638 1485 alteram
1662 1421 1889 1502 quaestionem
1915 1418 1976 1482 sol-

166 1544 251 1602 vere,
277 1534 383 1592 utrum
407 1529 577 1611 particula,
603 1547 687 1610 quae
711 1536 761 1593 est
783 1534 829 1605 ut,
855 1529 1045 1610 conjunctio
1070 1526 1176 1591 finalis
1199 1545 1241 1591 an
1265 1529 1477 1593 consecutiva
1500 1529 1550 1592 sit.
1600 1525 1692 1610 Conj.
1718 1527 1825 1592 finalis
1848 1527 1875 1590 si
1902 1532 1974 1589 rut»

165 1633 215 1708 sit,
250 1634 331 1699 haec
367 1643 417 1700 est
448 1639 497 1701 vis
530 1645 562 1701 et
585 1637 747 1700 sententia
779 1636 960 1700 huiusex.:
986 1634 1975 1718 000000110110100011100100101010111000010010000

166 1740 314 1819 00001110,
340 1762 381 1806 00
406 1746 567 1826 potuerim
591 1743 761 1825 suspicari,
786 1744 841 1825 qni
866 1747 976 1806 esseut
996 1741 1184 1823 judicaturi,
1210 1761 1311 1821 quum
1335 1743 1463 1807 videam
1487 1760 1679 1807 consessum
1700 1742 1860 1824 judicum.

325 1847 449 1913 Contra
472 1847 509 1923 si,
535 1846 566 1909 id
591 1850 679 1931 quod
703 1851 781 1914 mihi
806 1850 908 1931 magis
931 1849 1048 1930 placet,
1076 1855 1148 1913 »uu
1175 1869 1234 1930 pro
1252 1850 1485 1931 conjunctione
1502 1855 1670 1913 consecut.
1688 1849 1878 1932 accipiatur,
1894 1848 1975 1911 haec

159 1956 269 2019 ¹oritur
300 1956 475 2021 sententia:
511 1956 658 2034 iniquum
691 1965 723 2021 et
750 1958 906 2023 acerbum
930 1963 988 2031 est,
1015 1962 1045 2020 te
1070 1962 1135 2019 tam
1158 1965 1292 2038 repente
1311 1957 1441 2036 judices
1465 1956 1641 2032 ellundere,
1667 1963 1702 2019 ut
1726 1975 1791 2020 000
1814 1956 1975 2037 potuerim

166 2062 335 2143 suspicari,
361 2064 418 2145 qui
441 2068 551 2127 essent
569 2063 759 2144 judicaturi,
783 2084 884 2147 quum
908 2065 1004 2129 video
1028 2062 1047 2126 l.
1073 2063 1201 2127 videam
1225 2083 1419 2128 consessum
1439 2064 1597 2146 judicum.
1646 2063 1740 2127 Prius
1773 2062 1973 2144 >potuerimv

165 2188 223 2249 pro
257 2171 342 2252 conj.
378 2170 433 2234 fut.
458 2171 564 2234 exacti
589 2171 834 2251 quodammodo
859 2172 965 2253 accipi
990 2175 1105 2254 potest,
1130 2171 1175 2233 110
1198 2176 1233 2234 01
1255 2172 1418 2235 sententia
1441 2170 1547 2234 finalis
1570 2189 1664 2234 suam
1688 2169 1855 2251 obliquam
1881 2169 1975 2250 signi-

165 2275 351 2340 ficationem
375 2297 449 2342 cum
473 2279 635 2342 sententia
658 2278 699 2343 ab
724 2283 915 2363 antequam
938 2277 1106 2359 incipienti
1129 2278 1358 2343 communicet.
1407 2278 1553 2342 Alterum
1569 2283 1679 2342 autem
1701 2277 1899 2358 »potuerim
1916 2296 1975 2358 pro

165 2383 251 2464 conj.
279 2384 356 2465 peri.
382 2403 487 2466 praes.
513 2391 563 2448 est
586 2385 825 2467 accipiendum,
850 2392 948 2468 atque
973 2388 1058 2466 conj.
1085 2390 1153 2447 tum
1176 2385 1277 2448 utitur
1300 2392 1379 2449 sent.
1405 2384 1593 2467 temporalis
1610 2392 1667 2448 aut
1682 2403 1741 2466 per
1757 2383 1844 2447 modi
1861 2389 1976 2447 attrac-

165 2491 287 2553 tionem
312 2499 368 2556 aut
391 2500 574 2574 propterea,
601 2493 689 2575 qnod
714 2493 906 2576 plerumque
932 2494 1077 2569 verbum,
1103 2495 1191 2576 quod
1216 2498 1265 2559 est
1283 2512 1399 2576 posse,
1424 2493 1457 2555 in
1481 2492 1651 2556 sententiis
1675 2490 1717 2554 ab
1735 2493 1926 2575 antequam
1944 2497 1975 2554 et

159 2596 373 2684 priusquam
407 2600 638 2682 incipientibus
667 2608 703 2664 ut
735 2602 910 2683 cogitatam
933 2606 1059 2664 tantum
1086 2620 1154 2664 rem
1179 2599 1367 2682 significans
1391 2600 1476 2681 conj.
1503 2599 1601 2664 modo
1626 2598 1767 2680 positum
1792 2616 1865 2660 esse
1889 2597 1975 2661 inve·

165 2706 258 2769 nitur.
285 2704 361 2792 (Cir.
387 2706 709 2793 Lattm.-Miiller§
735 2708 806 2784 168,
831 2709 906 2772 adn.
952 2707 993 2788 3).
1041 2708 1076 2771 10
1100 2707 1234 2790 perlecti
1259 2714 1367 2771 autem
1394 2726 1456 2770 usu
1481 2707 1512 2770 h.
1530 2706 1549 2770 l.
1568 2706 1600 2769 id
1617 2711 1667 2769 est
1683 2705 1791 2767 minus
1808 2705 1973 2779 usitatum,

165 2813 252 2895 quod
276 2814 340 2877 hoe
364 2815 542 2896 perfectum
567 2815 608 2878 ad
632 2815 769 2879 verbum
793 2834 872 2879 suae
897 2815 1078 2880 sententiae
1102 2816 1276 2897 primariae
1299 2813 1452 2879 relatum:
1488 2811 1627 2879 uideam
1651 2831 1718 2876 000
1742 2831 1801 2893 pro
1830 2818 1974 2876 »antece-

164 2917 252 2979 denti
285 2917 466 2993 iteratim»,
503 2925 538 2982 ut
570 2918 779 2995 vocabulum,
814 2919 903 3002 quod
936 2919 1050 2982 Lattm.
1086 2924 1117 2982 et
1145 2917 1262 2982 Miiller
1284 2923 1452 2999 usurpant,
1477 2917 1702 2995 adhibeamus,
1728 2919 1833 3001 accipi
1857 2924 1972 3000 potest,

164 3025 320 3106 quoniam
345 3024 386 3088 de
410 3025 577 3106 singulari,
602 3045 668 3090 non
693 3026 809 3090 iterata
833 3045 867 3090 re
892 3027 1005 3107 agitur.
1055 3027 1168 3089 Lattm.
1195 3032 1303 3089 autem
1329 3032 1359 3089 et
1385 3024 1499 3089 Miiller
1523 3026 1556 3089 in
1580 3044 1640 3089 sua
1662 3032 1730 3091 arte
1747 3026 1875 3101 docent,
1894 3026 1972 3107 peri.

163 3150 268 3212 praes.
294 3131 326 3194 in
352 3139 433 3195 sent.
459 3133 500 3196 ab
526 3135 716 3217 antequam
741 3132 792 3197 vel
813 3131 1025 3218 priusquam
1049 3134 1218 3215 incipienti
1241 3138 1273 3195 et
1297 3133 1338 3196 ad
1363 3140 1491 3213 tempus
1516 3152 1673 3214 praesens
1697 3140 1779 3197 sent.
1799 3133 1973 3215 primariae

164 3239 301 3302 relatum
328 3244 452 3316 lantum
476 3260 536 3322 pro
560 3240 767 3304 antecedenti
791 3241 940 3304 iterativo
966 3241 1125 3322 usurpari.
1174 3239 1249 3326 (Cir.
1277 3238 1600 3324 nattm.-lttutler§
1627 3242 1698 3316 167,
1725 3241 1780 3304 20
1803 3248 1836 3304 01
1858 3239 1880 3325 ξ
1900 3240 1972 3316 168,

163 3345 236 3408 adn.
271 3345 313 3430 2).
372 3345 478 3410 Credo
508 3353 628 3422 tamen,
658 3346 721 3410 hoc
745 3345 930 3428 exemplum
956 3346 1109 3410 idoneum
1135 3365 1217 3421 esse,
1244 3365 1309 3428 quo
1334 3346 1584 3422 demonstretur,
1610 3347 1690 3428 peri.
1716 3367 1820 3429 praes.
1846 3348 1879 3410 in
1903 3365 1973 3410 sen-

165 3453 282 3529 tentiis,
318 3472 400 3535 quas
429 3453 499 3535 jam
535 3472 634 3536 saepe
667 3453 818 3529 diximus,
852 3453 893 3516 ad
927 3459 1056 3535 tempus
1089 3472 1194 3534 praes.
1220 3458 1302 3516 sent.
1329 3454 1502 3534 primariae
1527 3454 1664 3518 relatum
1689 3456 1796 3530 etiam,
1823 3455 1973 3537 quamvis

164 3578 247 3636 rar0,
281 3580 340 3642 pro
380 3562 604 3625 »antecedenti
633 3561 822 3642 singulari»,
847 3562 874 3624 si
898 3561 962 3624 hoc
987 3560 1119 3625 nomine
1144 3561 1241 3624 liceat
1264 3561 1320 3635 uti,
1345 3560 1492 3624 adhiberi
1517 3580 1623 3643 posse.
1673 3561 1793 3627 Eadem
1818 3570 1868 3625 est
1890 3564 1972 3626 ratio

165 3667 435 3749 conjunctionum
455 3671 656 3753 postquam,
683 3671 727 3746 01,
753 3664 819 3744 ubi,
845 3675 917 3743 001.,
943 3669 974 3731 id
1001 3667 1088 3750 quod
1113 3668 1227 3731 Latlm.
1254 3675 1285 3732 et
1309 3667 1425 3732 Miiller
1447 3669 1510 3749 ipsi
1534 3669 1654 3733 docent
1677 3669 1711 3755 (ξ
1738 3670 1808 3746 162,
1835 3671 1859 3732 Β
1884 3670 1926 3750 2).

322 3772 527 3862 Apersecto
553 3772 719 3864 iqfinitr'or'
740 3775 861 3856 pendet
884 3774 973 3857 imps.
999 3775 1084 3856 conj.
1112 3775 1167 3838 fut.
1193 3774 1346 3856 periphr.:

324 3882 464 3946 Herenn.
499 3882 524 3945 ll
557 3884 580 3967 ξ
612 3883 632 3946 8
666 3882 949 3964 (praemeditatum
982 3881 1109 3962 luisse);
1143 3881 1206 3946 Sex
1240 3882 1338 3946 Rosc.
1363 3880 1385 3966 ξ
1409 3880 1452 3945 59
1476 3880 1684 3968 (quaesisse),
1719 3883 1822 3948 Divin.
1848 3884 1906 3969 1§
1930 3887 1972 3948 64

162 3989 316 4070 (dixisse).

322 4097 350 4161 A
372 4093 723 4185 plusquamperfecto
748 4093 928 4162 indicativi
951 4097 1072 4178 pendet
1094 4097 1181 4178 conj.
1207 4096 1295 4178 impl.
1321 4096 1376 4160 tut.
1402 4095 1554 4178 periphr.:

322 4204 411 4268 Fam.
438 4204 519 4279 Xlll‚
547 4205 575 4279 1,
604 4205 630 4267 1:
657 4204 718 4267 etsi
742 4223 809 4268 non
834 4205 913 4268 satis
937 4204 1017 4268 mihi
1041 4204 1242 4284 constiterat,
1267 4223 1342 4268 cum
1364 4202 1518 4286 aliquane
1542 4205 1642 4268 animi
1667 4205 1731 4269 mei
1755 4205 1905 4269 molestia
1929 4224 1971 4269 an

161 4311 270 4391 potius
304 4309 442 4374 libenter
474 4316 505 4373 te
538 4310 675 4374 Athenis
711 4309 849 4376 uisurus
873 4330 993 4386 essem,
1023 4349 1067 4356 —-
1089 4349 1134 4356 —
1156 4349 1209 4386 ἥ
1235 4317 1344 4374 tamen
1369 4311 1489 4375 vidisse
1513 4317 1544 4374 te
1570 4312 1709 4375 mallem.
1758 4311 1969 4377 Constiterat:

161 4416 245 4480 hade
271 4416 374 4480 blifvit
399 4418 462 4498 mig
486 4417 571 4481 klart
594 4416 682 4503 (Lex.
710 4416 868 4481 Cavallini
894 4416 955 4481 sub
979 4417 1081 4481 verbo
1106 4417 1299 4504 0000100111).

320 4520 718 4611 Aplusquompcrsecto
744 4520 955 4607 conjunctivi
976 4525 1098 4605 regitur
1121 4525 1206 4606 conj.
1233 4524 1320 4606 impl.
1347 4524 1402 4588 tut.
1429 4526 1582 4607 periphr.:

321 4631 425 4695 Divin.
451 4632 477 4695 ll
500 4630 523 4717 ξ
547 4631 604 4694 22;
630 4650 715 4714 quae
739 4637 849 4695 autem
874 4633 940 4696 vita
964 4632 1078 4696 luisset
1102 4631 1242 4708 Priame,
1268 4633 1296 4695 si
1320 4631 1361 4696 ab
1386 4632 1608 4697 adolescentia
1632 4632 1757 4708 scisset,
1776 4653 1860 4713 qnos
1877 4653 1969 4699 even-

164 4742 214 4799 tus
238 4739 416 4802 senectutis
441 4741 529 4803 essct
551 4734 760 4803 habiturus?

321 4845 446 4910 Cluent.
474 4866 519 4910 or.
544 4845 567 4931 ξ
590 4845 647 4910 63;
674 4844 709 4910 Si
733 4846 894 4910 incertum
918 4845 1042 4922 fuisset,
1068 4847 1219 4929 quisnam
1244 4846 1349 4911 exitus
1373 4845 1460 4910 illius
1480 4847 1596 4928 judicii
1618 4843 1760 4926 futurus
1777 4852 1873 4927 esset,
1892 4849 1969 4912 veri-

159 4953 298 5016 similius
324 4959 432 5016 tamen
456 4959 552 5029 esset,
578 4972 653 5017 eum
670 4953 779 5035 potius
796 4955 983 5035 corrupisse
1000 4955 1057 5033 (sc.
1072 4953 1256 5035 judicium),
1274 4955 1328 5035 qui
1346 4955 1524 5030 metuisset,
1545 4973 1584 5018 ne
1602 4955 1672 5036 ipse
1686 4954 1969 5019 condemnaretur.

321 5058 467 5123 Verbum
491 5079 608 5141 regens
632 5068 682 5125 est
706 5056 902 5150 infinitivus
924 5079 1041 5144 praes.
1067 5080 1087 5124 a
1110 5058 1188 5142 peri.
1215 5060 1288 5123 hist.
1313 5061 1474 5142 pendens:

319 5166 431 5230 Planc.
468 5165 520 5231 Or.
555 5166 578 5252 ξ
610 5168 666 5231 66:
701 5168 809 5232 destiti
835 5168 912 5252 quid
936 5168 976 5232 de
1001 5186 1053 5233 me
1078 5164 1235 5232 audituri
1258 5172 1370 5232 000001
1393 5169 1544 5235 homines
1568 5170 1720 5251 cogitare.
1769 5170 1859 5234 Fam.
1885 5168 1966 5246 Vlll,

159 5272 189 5347 8,
215 5273 235 5335 e
260 5271 425 5358 (Caelius).
