4274 5790
1887 258 1925 320 51

158 437 205 510 ut,
231 450 307 498 eum
333 433 493 519 quosdam
515 434 655 510 audires,
675 435 730 517 qui
753 439 822 498 tum
847 439 940 499 erant
964 441 1177 516 praestantes,
1204 436 1368 500 videretur
1391 455 1463 500 esse
1488 436 1630 512 inferior,
1648 455 1722 500 cum
1741 441 1849 499 autem
1868 436 1974 517 ipsum

158 537 291 604 audires
325 541 396 605 sine
431 541 687 623 comparatione,
722 560 788 605 uon
819 541 919 606 modo
951 548 1127 607 contentus
1159 561 1259 618 esses,
1285 543 1343 607 sed
1370 542 1485 607 melius
1510 562 1575 607 non
1601 561 1792 625 quaereres3
1816 543 1849 605 in
1873 562 1975 624 gram-

159 646 281 711 matica
304 646 594 713 Lattm—hliilleri
619 649 663 712 ita
686 649 817 712 citatur:
843 667 943 730 quum
970 650 1076 731 ipsum
1102 647 1246 715 audires
1269 650 1340 714 sine
1364 650 1610 731 comparatione
1628 649 1767 725 illorum,
1792 667 1857 713 non
1877 649 1974 713 modo

91 774 94 778 ·
118 759 120 764 ’
159 757 337 818 contentus
361 772 463 831 esses,
488 756 546 819 sed
571 753 688 819 melius
712 773 778 819 non
802 773 1003 840 quaereres.

148 930 152 936 ·
267 904 300 985 2)
323 896 454 988 Aliquid
478 907 511 970 in
536 925 576 971 eo
600 925 684 978 esse,
710 912 745 970 ut
768 906 834 984 liat,
859 907 910 972 vel
934 908 1078 990 aliquem
1098 908 1235 991 jamJam
1260 927 1333 973 esse
1357 914 1507 990 paratum
1531 906 1653 990 aliquid
1678 906 1797 972 lacere.

320 1029 453 1094 Rhetor.
478 1030 519 1095 ad
544 1031 686 1096 Herenn.
711 1031 723 1095 Ι
746 1031 769 1118 ξ
793 1031 849 1096 at:
876 1052 976 1116 quum
1002 1033 1035 1096 L.
1052 1027 1258 1097 'Saturninus
1275 1033 1379 1114 legem
1397 1032 1642 1097 frumentariam
1662 1070 1703 1080 -
1722 1031 1860 1097 laturus
1877 1036 1974 1113 esset,

159 1136 196 1217 Q.
222 1134 346 1219 Caepio
374 1174 410 1184 -
436 1136 549 1202 docuit
571 1144 721 1203 senatum
746 1139 909 1203 aerarium
932 1140 999 1221 pati
1024 1159 1091 1204 non
1114 1158 1213 1222 posse
1237 1140 1440 1221 largitionem
1466 1145 1600 1204 tantam.

321 1243 425 1308 Divin.
451 1244 477 1308 ll
501 1243 524 1330 ξ
548 1245 604 1308 65:
629 1245 764 1310 memini
788 1244 923 1322 Sullam,
949 1265 1050 1329 quum
1075 1249 1108 1312 in
1132 1248 1375 1330 expeditionem
1400 1243 1589 1311 educturus
1614 1250 1712 1328 essct,
1738 1247 1971 1311 immolavisse.

159 1348 215 1414 Sic
239 1356 369 1432 praeter
392 1350 441 1414 Kl.
466 1352 563 1416 etiam
588 1351 779 1430 Muellerus;
805 1352 954 1417 Baiterus
978 1361 1093 1419 contra
1115 1356 1267 1420 codicum
1292 1355 1519 1419 auctoritatem
1537 1352 1674 1417 addidit:
1698 1351 1890 1418 eaer‘rt'tum
1908 1354 1973 1417 col-

159 1457 253 1522 lectis
277 1458 325 1535 iis,
351 1477 436 1541 quae
461 1458 529 1522 Div.
555 1458 680 1545 1§72
705 1460 864 1541 leguntur.
912 1460 1026 1544 Neque
1051 1467 1161 1526 tamen
1185 1461 1270 1542 inde,
1295 1462 1383 1545 quod
1408 1479 1447 1526 eo
1472 1459 1546 1525 loco
1571 1459 1700 1538 legitur:
1727 1458 1762 1524 in
1784 1456 1972 1544 capeditio-

158 1583 241 1630 nem
265 1564 457 1631 accercitum
482 1562 639 1643 educere,
664 1566 773 1648 colligi
797 1585 895 1648 posse
919 1567 1055 1644 videtur,
1081 1568 1135 1633 hic
1160 1587 1291 1651 quoque
1315 1569 1401 1632 idem
1420 1586 1492 1632 esse
1512 1567 1695 1649 legendum,
1714 1587 1824 1649 quum,
1843 1573 1878 1630 ut
1894 1568 1974 1630 satis

160 1678 273 1737 nolum
298 1678 357 1747 est,
382 1691 622 1754 saepenumero
646 1673 782 1737 verbum
807 1674 970 1739 educendi
994 1673 1145 1740 absolute
1169 1675 1318 1739 adhiberi
1342 1674 1457 1739 soleat.

320 1777 380 1845 Oli.
414 1779 426 1843 l
458 1779 481 1865 ξ
516 1781 594 1844 144ε
629 1781 678 1856 Ut,
712 1781 828 1864 siqui,
864 1800 965 1864 quum
997 1800 1133 1846 causam
1163 1779 1209 1845 sit
1230 1783 1380 1855 acturus,
1415 1782 1447 1844 in
1471 1782 1587 1845 itinere
1611 1781 1724 1844 autin
1748 1779 1974 1845 ambulatione

159 1904 273 1951 secum
298 1887 368 1968 ipse
392 1886 567 1952 meditetur
591 1926 642 1964 --,
668 1906 735 1952 non
758 1886 1025 1969 reprehendatur.

320 1992 357 2057 ln
381 1993 445 2058 hoc
469 2013 519 2058 ex.
544 1994 673 2058 videtur
695 2000 805 2058 tamen
829 1993 893 2059 alia
918 2013 1049 2078 quoque
1074 1994 1259 2077 explicandi
1283 1995 1366 2059 ratio
1389 1995 1524 2077 cogitari
1548 2012 1656 2076 posse,
1681 2013 1720 2058 ea
1744 1994 1878 2069 scilicet,
1910 2012 1976 2076 qua

159 2099 319 2181 accipitur
342 2098 398 2164 illa
420 2101 507 2165 actio
531 2100 639 2165 lutura
662 2120 728 2164 non
753 2107 818 2164 tam
842 2120 902 2183 pro
926 2103 1056 2167 actione
1080 2102 1187 2166 statim
1214 2102 1322 2166 lutura
1338 2121 1437 2184 quam
1457 2120 1516 2183 pro
1534 2100 1654 2183 aliqua,
1673 2118 1771 2183 quam
1790 2103 1862 2183 quis
1879 2119 1975 2182 agere

160 2205 266 2282 debet,
290 2213 402 2289 utpote
427 2227 525 2291 quam
550 2209 612 2272 sibi
635 2209 816 2290 susceperit
839 2209 1015 2291 agendam;
1040 2209 1187 2274 suethice
1207 2210 1307 2291 >igitur
1331 2215 1400 2273 aut:
1426 2206 1493 2272 star
1516 2208 1527 2271 i
1550 2207 1693 2290 begrepp
1714 2213 1760 2271 att
1782 2207 1888 2271 utliira
1904 2213 1973 2270 aut:

159 2312 221 2377 har
243 2319 289 2377 att
314 2312 429 2379 utldra.

319 2419 383 2484 Att.
417 2421 455 2497 V,
492 2422 519 2497 1,
543 2423 578 2486 4:
604 2421 936 2499 narravit—illam--,
965 2442 1065 2504 quum
1091 2420 1290 2488 discessura
1315 2424 1410 2498 esset,
1437 2421 1537 2486 luisse
1560 2422 1731 2498 eiusmodi,
1756 2421 1887 2504 qualem
1914 2439 1974 2502 ego

159 2525 326 2591 vidissem.

266 2678 299 2759 3)
321 2677 453 2762 Aliquid
478 2680 621 2744 futurum
646 2681 699 2756 ita,
725 2686 761 2744 ut
783 2680 825 2744 ad
849 2687 972 2746 certam
996 2682 1161 2764 quandam
1186 2683 1347 2746 rationem
1370 2680 1538 2756 referatur,
1564 2679 1652 2744 unde
1676 2679 1868 2744 deducatur.

320 2804 410 2868 Fam.
446 2804 513 2880 llll,
551 2805 601 2881 13,
629 2806 656 2869 1:
682 2804 854 2892 (Cassiush
880 2813 912 2870 et
936 2825 1020 2888 quae
1045 2826 1144 2889 saepe
1169 2807 1333 2890 pollicitus
1357 2825 1393 2871 es
1418 2812 1448 2870 te
1472 2813 1505 2871 et
1528 2806 1713 2881 taciturum,
1739 2804 1815 2868 dum
1840 2805 1975 2869 servire·

160 2930 242 2987 mus,
276 2918 309 2976 et
341 2912 504 2976 dicturum
537 2913 577 2977 de
611 2931 662 2977 me
693 2919 771 2990 lum,
797 2933 898 2994 quum
923 2913 1001 2978 mihi
1022 2911 1217 2997 profutura
1240 2918 1362 2992 essent,
1387 2932 1475 2977 nunc
1499 2912 1554 2976 illa
1578 2931 1645 2976 non
1669 2930 1729 2993 ego
1754 2912 1885 2995 quidem
1910 2912 1975 2976 dici

160 3023 250 3084 tanto
284 3036 383 3101 opere
417 3019 612 3084 desiderabo
646 3039 744 3100 quam
778 3021 891 3084 sentiri
923 3040 943 3085 a
973 3027 1005 3086 te
1037 3022 1120 3103 ipso.
1168 3019 1220 3086 Or.
1246 3026 1334 3085 rect:
1370 3038 1455 3103 quae
1479 3020 1519 3084 de
1543 3025 1574 3083 te
1598 3020 1746 3083 dicturus
1770 3038 1853 3093 sum,
1879 3038 1919 3082 ea
1943 3024 1974 3082 et

160 3124 289 3202 tacebo,
323 3125 401 3190 dum
435 3127 606 3199 servimus,
641 3133 673 3190 et
703 3127 810 3191 dicam
844 3129 1040 3204 deletum,
1080 3147 1180 3211 quum
1205 3127 1262 3192 tibi
1283 3123 1476 3211 profutura
1505 3130 1609 3191 erunt
1630 3127 1649 3188 i.
1674 3145 1701 3190 e.
1727 3145 1828 3208 quum
1853 3126 1910 3189 tibi
1935 3144 1975 3190 ea

160 3231 330 3314 profutura
352 3249 426 3296 esse
451 3239 541 3297 certo
565 3234 678 3298 sciam.

320 3339 440 3403 Brutus
471 3338 597 3424 §2892
632 3358 673 3403 ne
707 3338 787 3404 illud
821 3340 952 3422 quidem
987 3340 1179 3422 intelligunt,
1216 3359 1282 3404 non
1307 3340 1406 3405 modo
1430 3341 1475 3402 ita
1499 3339 1676 3403 memoriae
1700 3339 1864 3420 proditum
1889 3357 1973 3414 esse,

161 3444 218 3510 sed
240 3447 286 3510 ita
311 3464 447 3511 necesse
471 3445 580 3522 luisse,
607 3466 708 3527 quum
733 3446 970 3512 Demosthenes
995 3444 1151 3513 dicturus
1175 3451 1271 3527 esset,
1296 3453 1331 3512 ut
1354 3465 1536 3511 concursus
1557 3444 1710 3509 audiendi
1728 3465 1829 3511 causa
1846 3465 1885 3511 ex
1904 3453 1972 3510 tota

163 3551 299 3618 Graecia
323 3551 447 3617 fierent.

321 3659 381 3723 Hic
413 3661 496 3724 ratio
530 3660 639 3741 posita
668 3660 701 3723 in
725 3678 775 3737 eo,
801 3660 889 3743 quod
915 3660 1001 3724 lama
1024 3661 1075 3725 vel
1098 3661 1209 3745 aliquo
1234 3661 1332 3725 modo
1357 3660 1541 3725 nuntiatum
1565 3666 1597 3723 et
1621 3661 1788 3740 cognitum
1812 3665 1890 3734 erat,
1916 3659 1975 3722 De-

162 3766 366 3831 mosthenem
391 3784 464 3831 esse
489 3767 662 3830 dicturum.
695 3763 811 3839 Quum
834 3770 888 3846 (=
913 3765 1076 3852 quotiens)
1102 3765 1356 3831 Demosthenes
1373 3763 1530 3832 dicturus
1546 3770 1681 3831 esscto:
1707 3785 1807 3848 quum
1825 3766 1972 3829 auditum

161 3879 247 3938 esset
271 3872 525 3937 Demosthenem
551 3892 624 3937 esse
647 3872 820 3937 dicturum.
869 3873 933 3938 Cir.
957 3872 980 3959 ξ
1003 3873 1080 3937 29οε
1106 3874 1182 3938 volo
1207 3874 1270 3938 hoc
1295 3874 1417 3938 oratori
1440 3874 1616 3954 contingat,
1635 3881 1795 3957 utquam
1813 3869 1974 3937 auditum

161 3977 305 4046 stream
329 3998 404 4044 esse
427 3977 611 4057 dicturum,
637 3980 730 4044 locus
754 3982 787 4043 in
812 3980 978 4045 subselliis
1002 3988 1183 4063 occupetur
1206 3986 1279 4056 etc.;
1305 3981 1359 4044 ubi
1384 4000 1443 4062 pro
1467 3981 1576 4045 verbis
1599 3980 1769 4044 adhibitis:
1794 3999 1895 4060 quum
1913 3999 1967 4043 au-

161 4086 263 4153 ditum
287 4087 329 4150 sit
352 4105 428 4150 eum
452 4105 525 4151 esse
550 4087 713 4151 dicturum
737 4088 836 4151 scribi
861 4089 979 4169 potuit:
1005 4106 1106 4171 quum
1126 4089 1173 4156 ,sit
1195 4087 1351 4151 dicturus

267 4257 300 4337 4)
323 4256 482 4320 Futurum
506 4257 647 4339 periphr.
673 4256 834 4352 objectiva
859 4257 1019 4339 significat
1042 4256 1166 4340 aliquid
1189 4275 1262 4322 esse
1286 4255 1439 4321 futurum.

320 4381 367 4446 De
399 4381 539 4463 Imperio
573 4379 631 4445 Cn.
657 4382 771 4463 Pomp.
796 4380 819 4468 ξ
846 4383 900 4445 17:
932 4400 971 4445 ae
995 4401 1036 4445 ne
1060 4381 1140 4446 illud
1165 4382 1296 4465 quidem
1320 4382 1415 4446 vobis
1439 4382 1668 4463 negligendum
1694 4388 1752 4456 est,
1777 4380 1866 4462 quod
1892 4381 1969 4444 mihi

161 4504 222 4570 ego
246 4493 428 4553 extremum
454 4506 700 4569 proposueram,
727 4508 827 4570 quum
852 4507 965 4553 essem
987 4489 1027 4552 de
1052 4488 1129 4552 belli
1153 4507 1270 4570 genere
1296 4485 1461 4554 dicturus

324 4591 410 4660 Cum
444 4613 555 4658 essem
585 4590 741 4659 dicturus
769 4595 836 4658 »als
860 4596 914 4659 ich
937 4616 977 4659 zu
1001 4595 1164 4677 sprechen
1188 4590 1357 4677 hegcan«
1408 4595 1564 4659 Halmius.
1611 4594 1781 4675 Nusquam
1806 4612 1866 4674 ego
1889 4594 1972 4656 eius·

161 4702 249 4767 modi
272 4702 544 4785 significationem
569 4709 650 4784 part.
676 4701 731 4765 lut.
757 4722 832 4766 cum
864 4721 938 4766 esse
957 4703 1062 4783 juncti
1086 4702 1205 4776 inveni,
1232 4720 1333 4785 quare
1357 4702 1452 4766 valde
1477 4702 1600 4778 dubito,
1626 4720 1704 4764 num
1728 4701 1769 4763 sit
1792 4699 1973 4781 probanda.

161 4808 319 4892 Equidem
343 4815 433 4892 puto,
459 4811 669 4874 sententiam:
694 4828 808 4893 quum⁴
829 4827 940 4873 essem
965 4805 1122 4873 dicturus
1140 4827 1203 4872 non
1223 4816 1287 4872 tam
1305 4809 1451 4873 indicare
1469 4815 1598 4890 tempus
1616 4807 1849 4889 propositionis
1866 4805 1971 4870 laetae

161 4934 258 4999 quam
291 4916 331 4980 ad
365 4917 470 4998 ipsam
504 4916 763 4998 propositionem
795 4917 967 4997 pertinere,
1001 4917 1044 4978 itu
1080 4922 1111 4979 ut
1142 4915 1204 4978 sibi
1229 4917 1441 4997 proposuisse
1459 4915 1547 4979 dicat
1570 4913 1697 4990 Cicero,
1723 4919 1759 4977 ut
1783 4913 1823 4978 de
1848 4914 1910 4977 hac
1936 4932 1971 4978 re

160 5029 305 5088 extrema
337 5042 404 5087 uon
437 5024 572 5086 omnino
597 5024 755 5087 orationis
784 5024 882 5085 totius
906 5022 963 5086 sed
988 5023 1058 5085 eius
1083 5022 1240 5085 orationis
1265 5023 1376 5102 partis,
1402 5040 1486 5104 quae
1511 5023 1543 5085 in
1569 5021 1647 5085 belli
1670 5039 1789 5102 genere
1814 5025 1972 5096 versetur,

160 5129 291 5197 diceret.
326 5129 389 5195 ch.
423 5129 446 5215 ξ
479 5130 508 5204 6,
543 5129 598 5194 ubi
632 5129 801 5212 dispositio
826 5129 983 5192 orationis
1010 5127 1182 5209 protertur.
1231 5127 1435 5193 Sententiam
1459 5128 1555 5209 igitur
1579 5127 1793 5209 temporalem
1817 5146 1876 5210 pro
1902 5143 1975 5191 sen·

159 5238 260 5303 tentia
293 5257 339 5302 or.
373 5237 526 5319 obliquae
558 5237 754 5301 secundaria
784 5234 899 5310 haben,
934 5234 1028 5297 cuius
1062 5234 1225 5299 sententia
1250 5235 1406 5317 primaria
1428 5233 1524 5299 facile
1548 5233 1755 5315 intelligitur:
1782 5234 1869 5317 quod
1895 5232 1982 5299 mihi
