4320 5796
1889 275 1929 337 41

176 449 332 533 sequitur,
367 450 528 514 eiusmodi
561 457 796 532 comparatum,
831 458 866 515 ut
898 450 1039 514 dubitari
1072 451 1184 533 possit,
1218 451 1426 533 hypothetice
1455 470 1559 515 necne
1589 453 1653 515 sint
1676 452 1822 516 vertendi
1847 453 1868 514 ii
1892 453 1978 533 conj.

177 557 413 639 periphrastici,
439 559 552 641 quiin
577 576 616 622 eo
641 559 761 622 insunt.
810 558 867 622 Est

337 663 396 744 Qu.
421 664 457 729 fr.
484 665 505 741 Ι,
533 666 561 741 1,
587 665 643 728 26:
669 685 835 748 quumque
860 664 901 740 id,
927 663 1014 747 quod
1039 663 1186 741 dabatur,
1212 684 1278 728 non
1302 668 1390 729 essct
1407 662 1635 741 interiturum,
1653 665 1710 729 sed
1728 667 1762 729 in
1778 666 1979 730 ornamentis

178 769 289 851 templi
311 767 493 851 ficturum·

337 876 391 940 ubi
425 879 566 959 protasis
599 877 688 941 nulla
722 878 852 960 quidem
878 878 999 960 scripta
1022 885 1080 954 est,
1105 880 1163 943 sed
1187 878 1326 944 tortasse
1350 885 1400 943 est
1422 878 1599 943 audienda:
1625 876 1657 943 si
1678 881 1855 961 occeptum
1881 882 1978 956 esset,

176 1002 242 1066 qua
265 985 389 1066 protasi
412 987 522 1050 audita
545 985 631 1066 conj.
657 984 781 1067 imperi.
807 985 863 1049 lut.
889 986 1013 1067 peripb.
1039 1005 1098 1067 pro
1123 986 1343 1051 condicionali
1367 986 1393 1049 ll
1418 993 1594 1068 usurpatus
1618 992 1677 1050 est.

338 1091 429 1174 Conj.
463 1089 609 1179 perfecti
639 1090 696 1156 fut.
726 1092 866 1174 periphr.
892 1112 951 1175 pro
975 1093 1194 1157 condicionali
1220 1093 1245 1156 ll
1271 1095 1303 1157 in
1328 1095 1490 1158 sententia
1513 1095 1706 1158 concessiva
1730 1111 1749 1156 a
1773 1113 1879 1177 quum
1904 1094 1981 1157 inci-

176 1199 285 1281 piente
310 1198 360 1263 bis
384 1200 512 1280 legitur:
1186 1257 1188 1261 .
1265 1258 1268 1263 ,
1400 1254 1402 1261 ,

337 1305 416 1372 Sull.
449 1306 551 1393 §442
586 1306 643 1369 sed
668 1312 777 1370 tamen
801 1307 860 1370 abs
885 1315 926 1383 te,
951 1307 1125 1391 Torquate,
1152 1327 1284 1389 quaero,
1311 1327 1411 1391 quum
1436 1308 1598 1371 indicatus
1622 1313 1697 1370 tuus
1721 1313 1808 1372 esset
1831 1307 1982 1370 inimicus

175 1419 208 1477 et
223 1415 320 1478 'esset
342 1415 413 1491 eius
437 1415 483 1478 rei
507 1413 661 1496 frequens
684 1420 817 1478 senatus
841 1420 873 1478 et
896 1433 1012 1479 recens
1036 1416 1194 1478 memoria
1218 1416 1318 1488 testis,
1344 1415 1411 1490 tibi,
1436 1434 1507 1479 meo
1524 1413 1674 1478 familiari
1696 1422 1729 1478 et
1744 1413 1980 1487 contubernali,

175 1520 266 1602 prius
299 1522 397 1585 etiam
431 1517 560 1585 edituri
581 1520 738 1584 indicium
750 1518 894 1607 suerint
917 1521 1045 1586 scribae
1069 1522 1143 1597 mei,
1169 1523 1197 1585 si
1221 1522 1392 1596 voluisses,
1418 1541 1516 1603 quam
1541 1523 1574 1586 in
1598 1521 1747 1585 codicem
1771 1521 1980 1596 rettulissent,

161 1647 278 1711 ¹quum
301 1629 429 1693 videres
453 1629 547 1693 aliter
569 1626 690 1703 referri,
716 1646 776 1692 cur
798 1629 937 1704 tacuisti,
963 1648 1080 1711 passus
1105 1629 1162 1693 es?

336 1735 542 1811 Particulam,
577 1754 660 1817 quae
694 1741 743 1799 est
775 1755 894 1819 quum,
930 1736 959 1799 b.
995 1736 1014 1800 l.
1049 1737 1277 1801 concessivam
1305 1735 1370 1799 vim
1395 1735 1526 1810 habere,
1557 1754 1663 1819 neque
1688 1734 1830 1800 causalis
1854 1735 1982 1814 generis

175 1863 258 1922 esse,
283 1843 315 1907 id
340 1843 427 1926 quod
452 1843 567 1924 Hoppe
592 1841 781 1906 Richterum
804 1843 948 1907 voluisse
972 1843 1140 1909 adnotavit
1157 1842 1188 1927 ¹),
1214 1842 1465 1925 mibi'apertum
1490 1861 1563 1907 esse
1587 1843 1722 1907 videtur.

341 1946 415 2015 'Il'bi
437 1949 542 2026 codd,
567 1950 747 2033 Kayserus;
773 1946 901 2036 tibique
923 1950 1110 2017 Muellerus.
1739 2010 1742 2015 ,

335 2057 382 2123 Ac
408 2077 507 2141 quum
532 2059 603 2122 sine
628 2058 727 2122 dubio
751 2058 792 2122 ad
822 2054 882 2123 tibi
903 2058 1026 2142 aliquid
1050 2058 1226 2132 desideres,
1261 2077 1326 2139 quo
1350 2058 1520 2133 indicetur,
1546 2057 1610 2121 hnc
1635 2074 1766 2140 quoque
1789 2056 1981 2138 particulam

180 2185 285 2252 quum
317 2166 488 2248 pertinere,
523 2171 579 2229 aut
611 2184 685 2229 cum
719 2164 875 2229 llluellero
910 2165 1082 2247 legendum
1106 2166 1270 2247 suspicor:
1306 2160 1433 2248 tibique
1456 2170 1525 2229 aut:
1559 2183 1738 2249 quumque
1762 2160 1823 2228 tibi
1843 2162 1895 2228 vel
1918 2164 1982 2228 tale

179 2273 264 2357 quid.
1490 2330 1491 2334 ,

335 2379 423 2442 Fam.
459 2377 526 2454 Vll,
550 2378 581 2453 3,
612 2377 646 2441 o:
681 2384 757 2442 sunt
780 2379 877 2454 enim,
904 2379 1095 2462 quiquam
1120 2397 1213 2444 meus
1237 2379 1385 2443 interitus
1410 2375 1621 2465 nihilsuerit
1643 2377 1841 2460 reipublicae
1859 2374 1983 2461 prosu-

175 2490 283 2563 turuS,
309 2486 455 2550 criminis
479 2485 553 2548 loco
577 2492 692 2567 putent
715 2504 797 2561 esse,
823 2485 912 2568 quod
937 2486 1056 2550 vivam.

335 2592 426 2658 Meus
450 2594 599 2657 interitus
623 2622 665 2646 =
689 2611 749 2674 ego
773 2593 799 2656 si
824 2593 1019 2658 interissem.

957 2781 1207 2863 Quamquam.

335 2903 618 2986 ConJ'unctionem,
650 2911 737 2986 ¹quae
771 2910 820 2968 est
844 2924 1073 2990 quamquam,
1099 2907 1185 2992 conj.
1211 2902 1349 2991 imperf.
1374 2905 1430 2969 lut.
1457 2904 1597 2986 periphr.
1623 2903 1784 2987 objective
1807 2912 1983 2987 usurpatus

173 3011 323 3094 sequitur
1303 3009 1305 3014 '
1778 3081 1780 3086 ,

333 3119 423 3183 Fam.
457 3119 495 3194 X,
529 3118 559 3193 6,
584 3118 620 3181 2:
655 3137 707 3181 me
740 3125 849 3183 autem
881 3118 1010 3200 impulit
1033 3121 1079 3183 tui
1103 3120 1232 3194 caritas,
1260 3125 1305 3195 ut,
1332 3138 1531 3203 quamquam
1557 3138 1618 3184 nec
1642 3119 1699 3183 tibi
1724 3120 1785 3201 ipsi
1809 3119 1982 3184 consilium

173 3226 304 3291 deesset
327 3232 358 3290 et
382 3224 488 3290 fratris
512 3224 738 3289 benevolentia
762 3224 819 3289 tibi
843 3232 974 3306 praesto
999 3229 1088 3290 esset
1098 3224 1242 3313 sartura,
1267 3226 1385 3291 vellem
1410 3233 1519 3290 tamen
1535 3264 1579 3271 —
1597 3264 1638 3273 -
1656 3251 1708 3305 ·-;

332 3333 389 3396 nbi
422 3331 647 3414 imperfectum
680 3350 739 3414 pro
773 3334 936 3414 praesenti
970 3352 1029 3415 per
1062 3334 1227 3415 temporis,
1260 3335 1492 3415 conjunctivus
1511 3352 1581 3415 ‘pro
1613 3332 1789 3396 indicativo
1814 3350 1872 3414 per
1894 3333 1984 3396 modi

176 3440 405 3504 attractionem
422 3439 557 3522 ,positus
581 3445 639 3503 est.

982 3610 1177 3691 Quamvis.

334 3734 412 3798 Post
435 3733 628 3815 particulam
653 3729 816 3817 quamuis
840 3732 925 3814 conj.
951 3731 1008 3796 lut.
1034 3732 1176 3814 periphr.
1202 3730 1304 3795 semel
1328 3731 1445 3814 legitur
1467 3738 1498 3796 et
1521 3752 1599 3797 vero
1624 3732 1806 3814 subjectiva
1829 3733 1870 3796 vi.
1928 3732 1984 3796 Est

333 3842 373 3906 de
399 3841 445 3904 Re
469 3840 557 3922 publ.
582 3839 634 3915 lV,
662 3840 690 3914 1,
717 3839 779 3903 13:-
797 3839 917 3904 etenim
942 3840 969 3903 si
993 3857 1090 3903 nemo
1109 3845 1167 3916 est,
1186 3838 1265 3921 quin
1282 3840 1385 3902 emori
1401 3840 1492 3904 malit
1510 3859 1608 3923 quam
1627 3840 1773 3904 converti
1790 3840 1823 3902 in
1840 3838 1984 3923 aliquam

173 3949 309 4031 liguram
333 3947 467 4024 bestiae,
493 3947 642 4030 quamvis
667 3946 808 4010 hominis
833 3952 975 4010 mentem
1000 3943 1043 4010 sil
1066 3941 1259 4019 habiturus,
1285 3952 1408 4029 quanto
1433 3953 1482 4010 est
1505 3947 1656 4011 miserius
1672 3947 1705 4010 in
1723 3946 1865 4010 hominis
1882 3946 1984 4028 figura

173 4056 285 4120 animo
317 4073 389 4120 esse
414 4053 571 4118 ellerato‘?
601 4054 757 4135 Quamvis
781 4054 821 4117 sit
845 4052 1016 4116 habiturus
1040 4072 1072 4117 o:
1099 4053 1250 4135 quamvis
1274 4055 1303 4117 ei
1327 4055 1525 4135 promissum
1550 4056 1601 4130 sit,
1626 4073 1700 4117 eum
1726 4053 1913 4117 habiturum
1937 4073 1981 4117 sc.

173 4163 202 4226 si
226 4166 479 4227 converteretur.

623 4571 960 4685 Ennntiationes
999 4551 1336 4711 comparativae
1372 4597 1530 4709 puae.

334 4787 369 4852 ln
402 4788 588 4851 huiusmodi
622 4806 672 4853 en.
708 4786 934 4851 tantummodo
968 4786 1213 4867 conjunctivum
1242 4803 1360 4869 praes.
1397 4784 1452 4849 fut.
1478 4785 1619 4867 periphr.
1645 4790 1837 4865 usurpatum
1861 4783 1980 4847 inveni.

173 4893 267 4976 Conj.
292 4895 390 4959 modo
414 4895 514 4958 utitur
537 4913 588 4959 en.
614 4894 836 4975 comparativa
860 4899 916 4956 aut
940 4910 998 4974 per
1021 4892 1109 4955 modi
1132 4893 1360 4957 attractionem
1378 4898 1434 4955 aut
1450 4898 1632 4974 propterca,
1651 4890 1739 4974 quod
1756 4909 1806 4953 en.
1826 4891 1984 4955 orationis

172 5000 327 5085 obliquae
350 5002 546 5066 secundaria
570 5007 628 5065 est.
676 5000 770 5080 Quod
801 4999 842 5064 ad
866 4999 1138 5081 significationem
1164 4998 1287 5063 formae
1311 4998 1504 5081 periphrast.
1530 5000 1652 5074 attinet,
1679 4997 1832 5061 omnibus
1856 5003 1985 5078 praeter

178 5184 391 5191 ——..-—-—-
398 5185 439 5190 ..-..

335 5289 355 5354 ¹)
374 5289 414 5341 Zu
435 5288 487 5341 den
507 5288 612 5354 Fragm.
633 5291 681 5338 etc.
704 5302 762 5353 pag.
783 5286 824 5337 at.
