4274 5790
205 263 247 328 22

160 442 244 506 dicei
269 442 365 507 lectio
391 462 457 507 non
482 442 556 506 ideo
580 460 599 505 a
623 440 859 523 Wesenbergio
882 440 1003 522 rejecta
1027 457 1100 503 esse
1125 444 1240 520 potest,
1266 438 1354 521 quod
1378 436 1528 502 verbum:
1557 434 1699 500 scribam
1723 436 1880 500 omissum
1905 440 1970 509 est,

160 548 316 630 quoniam
348 548 444 613 facile
476 547 589 612 audire
613 548 698 622 licet,
723 547 781 612 sed
805 554 987 630 propterea,
1014 547 1100 630 quod
1126 563 1336 628 cognoscam,
1361 564 1428 609 non
1450 562 1595 626 cognoro
1619 544 1776 625 scriplum
1801 549 1858 609 est.
1907 541 1972 606 Fu-

159 662 269 719 turum
301 655 389 718 enim
421 661 571 718 exactum
605 659 641 717 ut
672 653 713 717 ad
744 652 888 718 futurum
920 653 1054 737 aliquod
1086 652 1225 734 simplex
1248 652 1429 716 sententiae
1453 652 1627 732 primariae
1651 651 1789 717 relatum
1814 651 1970 715 nimirum

159 761 383 824 necessarium
414 766 472 825 est.
520 758 587 823 Cur
616 766 725 824 autem
758 760 1012 841 Wesenbergius
1036 762 1197 843 putaverit
1219 760 1365 835 verbum,
1391 759 1479 844 quod
1502 766 1552 824 est
1575 757 1726 834 scribam,
1752 776 1825 822 esse
1848 757 1972 821 adden-

159 865 247 943 dum,
273 866 300 929 si
324 865 521 949 quaerimus
547 865 580 928 in
604 872 756 948 promptu
779 885 852 933 esse
875 867 1230 949 videturresponsum.
1278 866 1385 932 Credo
1403 868 1489 932 enim
1508 885 1584 931 eum
1604 872 1727 930 motum
1746 863 1846 929 luisse
1863 864 1973 929 torma

160 972 249 1036 verbi
274 973 346 1037 cod.
371 972 465 1037 Med:
490 992 698 1054 cognoscam,
724 975 757 1037 in
783 993 849 1057 qua
873 974 973 1038 latere
990 981 1109 1057 polest:
1136 993 1280 1056 cognoro
1299 974 1450 1039 scribam.
1485 974 1537 1048 ΙΧ,
1556 973 1585 1049 2,
1604 973 1756 1051 5;x1,9‚
1778 975 1793 1037 1
1813 971 1970 1059 (Brutus);

160 1079 305 1156 Xll,18,
334 1081 361 1143 1.
408 1080 501 1143 Finn.
527 1080 553 1143 ll
577 1079 599 1165 ξ
622 1080 673 1143 74.

319 1185 470 1269 Aliquem
495 1186 589 1263 velle,
615 1205 735 1268 cupere
758 1185 881 1270 aliquid
904 1187 1065 1269 significat
1087 1187 1173 1269 conj.
1198 1205 1303 1269 praes.
1330 1185 1385 1251 tut.
1409 1186 1562 1270 periphr.:

321 1292 379 1358 Oli.
415 1294 426 1357 l
458 1293 581 1378 {311ss:
617 1294 705 1376 quod
739 1301 909 1375 tempusa
932 1294 1112 1359 naturaad
1137 1294 1354 1374 deligendum,
1380 1313 1478 1377 quam
1502 1295 1640 1377 quisque
1664 1295 1749 1359 viam
1773 1295 1902 1359 vivendi
1925 1293 1974 1359 sit

162 1398 395 1484 ingressurus
420 1402 532 1465 datum
556 1411 606 1467 est
629 1421 660 1467 o:
687 1421 784 1484 quam
810 1402 949 1484 quisque
972 1403 1057 1465 viam
1082 1402 1213 1465 vivendi
1236 1401 1361 1483 ingredi
1384 1401 1471 1465 velit.

319 1507 382 1572 Au.
409 1508 444 1584 ΙΙ,
468 1510 498 1583 8,
523 1510 557 1572 2:
582 1528 746 1591 cognosce
769 1510 886 1573 itinera
909 1515 1029 1584 nostra,
1053 1514 1089 1572 ut
1112 1514 1246 1585 statuas,
1270 1507 1326 1573 ubi
1350 1528 1410 1573 nos
1435 1506 1573 1574 uisurus
1597 1506 1652 1573 sis.

320 1617 387 1693 Xll,
412 1617 464 1692 29,
489 1617 524 1680 2;
548 1637 623 1681 oum
647 1617 686 1681 iis
709 1617 944 1690 communices,
970 1621 1093 1698 quanto
1117 1634 1216 1696 opere
1239 1622 1270 1680 et
1294 1634 1395 1699 quare
1418 1615 1515 1680 velim
1533 1615 1656 1693 hortos,
1673 1618 1730 1682 sed
1748 1617 1781 1681 id
1798 1618 1842 1681 ila
1858 1635 1970 1698 posse,

160 1723 187 1785 si
212 1724 405 1804 expediatur
429 1724 507 1788 illud
531 1723 768 1803 Faberianum3
791 1721 904 1787 sintne
928 1723 1024 1804 igitur
1045 1729 1197 1786 auctores
1208 1720 1340 1810 futuri.

319 1829 461 1893 Verbum
488 1831 653 1914 quoddam
677 1831 811 1913 rogandi
834 1849 950 1911 regens
973 1849 1013 1894 ex
1036 1829 1268 1896 communices
1286 1830 1530 1912 intelligendum
1548 1839 1597 1895 est
1613 1851 1644 1896 o:
1670 1831 1759 1913 litiga
1775 1832 1847 1896 dem
1861 1830 1970 1908 allisa,

160 1953 214 1997 om
237 1936 277 1999 de
303 1935 380 2017 vilja
404 1937 497 2019 liigga
521 1940 569 2019 sig
592 1944 627 2002 ut
651 1937 701 2001 fiir
724 1939 798 2019 mig,
824 1935 922 2000 blilva
945 1938 1034 2002 mina
1058 1936 1292 2020 liiresprdkare.

321 2041 466 2130 Inapcrs.
492 2046 578 2125 conJ'.
602 2043 659 2108 lut.
684 2044 824 2126 periphr.

321 2147 384 2214 Sex
419 2150 516 2214 Rosc.
550 2149 653 2235 §331
689 2170 788 2233 quum
824 2150 865 2213 ab
888 2169 928 2213 eo
953 2157 1174 2232 quaereretur,
1213 2151 1291 2233 qnid
1315 2151 1446 2216 tandem
1472 2157 1700 2218 accusaturus
1724 2157 1812 2219 essct
1834 2173 1910 2218 eum
1934 2174 1970 2219 o:

161 2254 211 2318 lor
243 2255 328 2319 bvad
362 2256 427 2320 ban
461 2255 503 2320 da
534 2257 656 2321 arnade
689 2256 828 2337 anklaga
860 2256 936 2331 den,-
968 2256 1033 2320 vel:
1071 2255 1220 2319 bvarliire
1253 2255 1295 2320 dt
1327 2259 1346 2321 i.
1372 2277 1399 2322 e.
1426 2259 1487 2323 bur
1510 2260 1565 2324 del
1588 2261 1719 2325 komme
1742 2263 1800 2343 sig,
1832 2268 1877 2324 att
1901 2261 1970 2325 ban

161 2362 301 2426 amnade
335 2363 483 2445 anklaga.
541 2364 746 2429 Vocabulum
780 2364 877 2440 enim,
913 2364 1000 2445 quod
1035 2370 1084 2426 est
1117 2360 1212 2447 quid,
1244 2370 1299 2426 aut
1322 2383 1381 2445 pro
1404 2365 1536 2446 objecto
1560 2367 1650 2431 verbi
1675 2365 1868 2433 accusandi
1888 2367 1946 2449 (Cf
1963 2422 1970 2433 .

161 2469 295 2533 Kiibner
317 2470 339 2556 ξ
363 2473 405 2535 72
430 2473 504 2536 adn.
531 2472 562 2559 3)
585 2479 641 2535 aut
665 2493 724 2554 pro
749 2471 938 2536 accusativo
961 2469 1122 2541 absoluto,
1150 2490 1246 2552 quem
1271 2478 1398 2547 vocant,
1424 2475 1529 2555 accipi
1553 2480 1669 2555 potest.
1711 2475 1855 2554 Quarum
1874 2476 1972 2540 inter·

161 2577 379 2656 pretationum
412 2584 521 2643 tamen
545 2597 628 2655 eam,
654 2599 752 2661 quam
778 2579 957 2660 posteriore
982 2577 1056 2640 loco
1081 2579 1184 2658 posui,
1210 2579 1312 2659 magis
1335 2579 1376 2642 ad
1400 2579 1488 2643 hunc
1513 2580 1621 2645 locum
1647 2592 1756 2663 aptam
1781 2588 1869 2664 puto.
1918 2583 1972 2646 Ad

160 2683 320 2746 rationem
353 2686 440 2748 enim
474 2687 590 2767 agendi
623 2693 852 2751 accusatorum
886 2684 997 2748 Roscii
1021 2683 1246 2747 illustrandam
1272 2686 1470 2749 mentionem
1495 2685 1572 2752 facit
1595 2689 1710 2753 Cicero
1735 2688 1769 2752 C.
1796 2689 1972 2764 Fimbriae,

162 2808 259 2872 quem
293 2800 403 2855 narrat
436 2791 625 2870 Scaevolae,
659 2812 734 2857 cum
767 2813 846 2859 ase
870 2791 1075 2857 volneratum
1099 2793 1208 2856 vivere
1233 2811 1331 2874 posse
1354 2795 1578 2874 comperisset,
1604 2795 1690 2859 diem
1714 2796 1835 2859 dixisse
1859 2802 1971 2879 atque,

167 2916 257 2961 »cum
292 2898 333 2962 ab
367 2918 406 2963 eo
441 2908 661 2983 quaereretur,
695 2902 773 2984 quid
805 2902 937 2965 tandem
962 2905 1177 2962 accusaturus
1202 2905 1289 2962 esset
1312 2918 1397 2973 eum,
1424 2919 1521 2982 quem
1549 2941 1585 2948 —
1612 2922 1653 2967 ne
1677 2903 1811 2967 laudare
1836 2904 1971 2986 quidem

162 3005 335 3086 quisquam
370 3007 449 3069 satis
481 3009 655 3072 commode
688 3015 808 3091 posset,
844 3006 1062 3089 respondisse,
1098 3006 1184 3088 quod
1218 3027 1283 3070 non
1317 3014 1420 3072 totum
1458 3011 1557 3075 telum
1591 3030 1729 3093 corpore
1757 3011 1968 3092 recepisset».

162 3112 286 3176 Deinde
311 3114 413 3177 addit:
440 3121 531 3179 estne
556 3117 619 3180 boc
643 3116 688 3180 illi
712 3117 799 3180 dicto
824 3122 922 3199 atque
947 3114 1032 3177 lacto
1057 3112 1244 3177 Fimbriano
1269 3115 1493 3181 simillimum?
1516 3118 1688 3183 Accusalis
1712 3118 1786 3181 Sex.
1802 3119 1971 3183 Roscium.

165 3220 257 3297 Quid
282 3221 353 3288 ita?
376 3224 461 3304 Quia
484 3224 524 3287 de
550 3226 703 3289 manibus
726 3228 843 3288 vestris
867 3222 985 3304 elingit.

322 3331 394 3411 Leg.
420 3331 493 3412 llgr.
519 3332 664 3418 115‘79.
713 3330 765 3396 Or.
792 3331 872 3395 Pbil.
899 3330 969 3394 Vlll
993 3326 1015 3413 ξ
1040 3329 1091 3391 23.
1146 3328 1232 3392 Brut.
1258 3328 1280 3412 ξ
1304 3330 1409 3415 3021)

323 3437 462 3520 Reliqua
494 3457 542 3502 ex.
578 3441 663 3522 conj.
699 3438 787 3520 impl.
818 3439 874 3502 lut.
900 3437 1040 3519 periphr.
1067 3436 1128 3498 bac
1153 3436 1335 3517 subjectiva
1359 3437 1457 3502 loturi
1482 3441 1512 3502 vi
1537 3442 1673 3520 praediti
1697 3441 1859 3505 eiusmodi
1882 3448 1971 3518 sunt,

163 3556 198 3612 ut
220 3551 305 3632 conj.
331 3545 456 3629 imperf.
481 3569 541 3631 pro
564 3550 650 3631 conj.
677 3548 858 3630 praesentis
882 3546 1008 3627 positus
1032 3544 1073 3607 sit
1097 3548 1129 3607 et
1151 3562 1228 3607 vero
1253 3552 1309 3608 aut
1327 3547 1507 3611 secundum
1525 3548 1612 3629 leges
1629 3550 1873 3613 consecutionis
1893 3556 1972 3614 lem·

163 3678 278 3741 porum
303 3665 359 3722 aul
383 3664 515 3740 propter
539 3655 751 3738 epistolarum
775 3653 940 3719 scribendi
963 3670 1075 3733 genus.

322 3764 412 3847 lmpl.
448 3784 506 3847 pro
540 3764 709 3846 praesenti
736 3765 878 3844 positum
903 3766 953 3824 est
976 3765 1050 3841 post
1073 3759 1335 3823 condicionalem
1361 3761 1499 3841 primum
1524 3763 1557 3825 in
1582 3762 1644 3825 lltt.
1671 3763 1706 3837 ll,
1732 3765 1784 3838 22,
1815 3766 1843 3826 l:
1870 3783 1972 3846 quam

163 3873 279 3937 vellem
314 3872 438 3954 Romae
473 3873 665 3935 mansisses!
701 3909 743 3919 ν-
767 3870 849 3933 Nam
875 3867 1079 3931 Pulchellum
1106 3873 1252 3930 nostrum
1278 3865 1433 3932 facillime
1457 3875 1653 3945 teneremus,
1679 3879 1735 3935 aut
1758 3879 1857 3948 certe,
1882 3869 1973 3956 quid

163 3984 251 4045 esset
262 3979 442 4069 facturus
468 3981 551 4045 scire
576 3998 758 4061 possemus

323 4086 413 4169 lmpi.
439 4106 498 4168 pro
523 4104 628 4168 praes,
654 4090 728 4166 post
752 4081 830 4165 peri.
857 4082 918 4163 log.
945 4081 963 4144 l.
989 4081 1195 4144 historicum:

323 4195 387 4258 Aa.
413 4195 451 4269 X,
480 4194 510 4264 4,
539 4195 592 4257 11;
627 4200 702 4257 sunt
726 4199 845 4266 aulem,
872 4208 956 4272 quae
980 4187 1132 4270 praeterii
1157 4187 1199 4271 to:
1235 4207 1319 4269 quae
1344 4209 1363 4251 a
1387 4189 1529 4256 Curione
1555 4194 1700 4256 nondum
1726 4194 1898 4279 quaesivit:
1924 4194 1971 4257 in-

163 4313 347 4385 terregnum
373 4307 461 4367 esset
484 4305 747 4386 asspectuturus
771 4302 822 4379 (=
849 4317 902 4362 om
927 4297 992 4358 ban
1016 4294 1162 4375 (Caesar)
1187 4295 1296 4359 tiinlde
1320 4298 1339 4360 l.
1366 4296 1492 4362 tdnlccr
1514 4301 1665 4387 at'valrla).

324 4411 414 4492 lmpf.
438 4411 524 4492 conj.
550 4409 679 4490 conjug.
705 4406 845 4489 periphr.
872 4410 946 4486 post
970 4404 1049 4483 perf.
1076 4403 1216 4483 logicum
1242 4403 1259 4466 l.
1284 4404 1367 4468 bist:
1383 4406 1552 4489 praeterii
1566 4411 1712 4473 continet
1730 4429 1796 4472 rem
1817 4408 1970 4484 loturam,

163 4538 247 4603 quae
271 4518 313 4582 ad
337 4519 369 4582 id
394 4519 500 4599 ipsum
526 4533 657 4599 (quoque
680 4521 808 4596 tempus
832 4529 988 4594 praesens
1011 4511 1124 4575 reterri
1148 4518 1263 4592 potest,
1285 4533 1384 4595 quum
1402 4513 1517 4578 Cicero
1535 4515 1620 4580 banc
1640 4516 1810 4597 epistolam
1829 4515 1970 4595 scripsit.

323 4625 450 4706 lmperl.
486 4624 571 4706 conj.
607 4622 663 4686 lut.
689 4621 830 4704 peripbr.
856 4619 985 4684 duobus
1008 4620 1090 4684 locis
1113 4620 1238 4703 legitur,
1263 4621 1318 4686 ubi
1342 4640 1361 4685 a
1386 4621 1481 4684 nobis
1506 4623 1670 4702 praesenti
1694 4622 1848 4686 reddatur
1871 4627 1971 4703 atque

164 4734 205 4797 ad
229 4734 261 4797 id
285 4751 388 4814 genus
411 4732 659 4814 praeteritorum
685 4730 855 4811 pertineat,
880 4745 964 4810 quae
988 4726 1200 4808 epistolarum
1225 4728 1382 4791 orationis
1408 4728 1539 4810 propria
1563 4735 1647 4791 sunt.

323 4840 378 4904 Ex.
404 4847 480 4903 sunt
503 4840 599 4904 baec:

323 4948 410 5011 Fam.
444 4947 510 5022 Xll,
546 4947 575 5022 4,
611 4946 644 5009 2:
680 4945 737 5009 sed
770 4953 803 5009 lu
837 4944 914 5028 quid
947 4960 1070 5025 ageres,
1105 4942 1182 5025 quid
1217 4947 1367 5021 acturus,
1402 4941 1456 5005 ubi
1490 4941 1631 5020 denique
1656 4958 1755 5014 esses,
1782 4939 1970 5003 nesciebam

162 5066 216 5139 (=
241 5056 374 5136 nescio).
