4320 5796
144 1223 382 1395 Priusquam
407 1312 448 1377 ad
472 1331 540 1377 rem
565 1314 766 1395 propositam
790 1313 994 1378 tractandam
1019 1312 1253 1394 aggrediamur,
1279 1330 1385 1394 pauca
1403 1311 1497 1376 nobis
1514 1311 1694 1394 praefanda
1710 1330 1783 1376 esse
1800 1312 1956 1376 videntur

145 1438 185 1501 de
218 1439 249 1501 vi
282 1445 314 1500 et
345 1457 407 1501 usu
428 1432 621 1503 'indicativi
642 1436 740 1501 futuri
763 1437 999 1519 periphrastici.
1048 1435 1149 1501 Cuius
1172 1436 1304 1519 quidem
1329 1438 1378 1500 vis
1400 1444 1432 1501 et
1453 1436 1648 1518 significatio
1673 1436 1793 1518 duplex
1818 1436 1953 1500 omnino

144 1569 202 1637 est,
237 1580 303 1625 una
336 1561 518 1644 subjectiva
543 1569 575 1624 et
599 1562 631 1624 in
655 1560 823 1626 voluntate
845 1561 985 1625 alicuius
1008 1560 1060 1624 vel
1084 1561 1211 1625 ratione
1235 1560 1346 1644 aliqua
1368 1562 1486 1643 posita,
1512 1560 1614 1625 altera
1636 1560 1798 1643 objectiva
1822 1568 1855 1625 et
1877 1577 1954 1624 vere

145 1686 343 1768 temporalis.
360 1685 382 1772 ¹)
429 1686 574 1766 Quarum
599 1685 873 1767 significationum
896 1693 969 1749 utra
989 1686 1079 1767 prior
1102 1686 1270 1769 magisque
1294 1687 1426 1768 propria
1449 1687 1499 1762 sit,
1525 1686 1553 1749 si
1583 1703 1788 1768 quaeramus
1814 1684 1954 1748 dubitari

145 1828 211 1874 non
245 1828 343 1891 posse
375 1810 511 1884 videtur,
546 1811 625 1892 quin
655 1810 837 1891 subjectiva
860 1811 911 1883 sit,
934 1811 987 1874 cui
1012 1810 1130 1874 debeat
1151 1811 1308 1891 originem
1331 1809 1443 1874 altera.
1492 1809 1574 1874 Nam
1600 1829 1699 1892 quum
1725 1807 1863 1873 lormam
1887 1827 1954 1873 ver·

144 1934 250 1997 balem
283 1935 315 1997 in
348 1941 443 2010 -turo,
476 1953 565 1999 -suro
596 1940 769 1998 exeuntem
794 1952 835 1999 ex
857 1934 1070 1998 substantivis
1094 1934 1157 1997 illis
1181 1935 1215 1998 in
1239 1941 1309 2009 -tor,
1334 1955 1401 1999 -sor
1424 1934 1620 1998 exeuntibus
1645 1933 1857 1997 derivandam
1881 1950 1954 1996 esse

144 2058 241 2140 vulgo
274 2065 388 2140 putent
403 2057 436 2144 ²),
471 2077 510 2122 ex
543 2057 780 2140 significatione
814 2059 930 2123 horum
961 2058 1240 2122 substantivorum
1275 2059 1490 2140 subjectivam
1515 2058 1614 2122 futuri
1638 2057 1865 2139 periphrastici
1889 2057 1954 2120 vim

144 2200 258 2246 eruere
291 2181 386 2246 facile
417 2200 490 2246 esse
522 2183 660 2246 videtur.
708 2181 866 2248 Conferas
899 2182 997 2247 velim
1028 2182 1170 2264 exempli
1200 2184 1303 2264 gratia
1335 2183 1431 2248 Tusa.
1466 2182 1590 2263 Disput.
1625 2181 1668 2246 lV
1699 2180 1722 2267 ξ
1751 2181 1803 2245 27:
1832 2180 1954 2245 »diflert

144 2308 291 2371 anxietas
324 2306 365 2371 ab
400 2325 535 2388 angore:
568 2308 785 2389 nequeenim
812 2325 927 2372 omnes
951 2307 1049 2383 anxii,
1073 2309 1127 2390 qui
1150 2315 1313 2388 anguntur
1335 2307 1523 2390 aliquando,
1548 2324 1610 2370 nec
1634 2306 1690 2388 qui
1713 2306 1802 2369 anxii
1826 2324 1956 2388 semper

144 2439 316 2513 anguntur,
341 2439 375 2495 ut
399 2433 483 2495 inter
506 2431 696 2496 ebrietatem
719 2438 749 2495 et
774 2431 995 2496 ebriositatem
1019 2433 1155 2496 interest
1175 2431 1329 2514 aliudque
1345 2438 1396 2496 est
1413 2434 1609 2495 amatorem
1626 2448 1709 2506 esse,
1727 2430 1816 2494 aliud
1834 2450 1955 2495 amnn-

146 2562 250 2619 tem»:
285 2556 380 2620 facile
404 2557 561 2632 invenies,
586 2575 684 2638 quam
708 2563 776 2620 arte
800 2557 885 2620 inter
906 2575 941 2621 se
965 2555 1165 2620 cohaereant
1189 2556 1365 2620 voluntatis
1389 2563 1420 2620 et
1444 2556 1572 2619 consilii
1596 2557 1646 2619 vis
1668 2555 1830 2636 participii
1855 2554 1955 2619 futuri

145 2688 177 2744 et
198 2699 237 2744 ea
259 2680 461 2762 significatio
487 2699 571 2763 quae
595 2682 628 2745 in
653 2680 815 2745 vocabulo
841 2685 982 2746 amator
1004 2682 1097 2745 inest.
1145 2680 1240 2760 Quod
1264 2688 1372 2744 autem
1395 2679 1437 2744 ad
1462 2680 1658 2777 objectivam
1676 2679 1773 2743 iuturi
1791 2679 1955 2761 periphra-

144 2805 217 2868 stici
241 2806 305 2868 vim
330 2805 453 2879 attinet,
479 2806 619 2870 maxime
641 2812 691 2870 est
715 2805 949 2888 quaerendum,
975 2805 1142 2887 quomodo
1163 2806 1248 2869 inter
1269 2822 1304 2868 se
1327 2803 1470 2868 habeant
1491 2822 1648 2885 praesens
1673 2803 1839 2867 indicativi
1857 2803 1954 2868 laturi

145 2929 373 3010 periphrastici
396 2936 429 2993 et
452 2927 596 2993 futurum
621 2929 769 3012 simplex.
816 2927 924 3011 Atque
948 2929 1032 2992 inter
1056 2928 1138 2992 haec
1161 2936 1310 3010 tempora
1333 2928 1412 2992 illud
1436 2928 1609 2993 intercedit
1631 2928 1838 3003 discriminis,
1867 2929 1955 3011 quod

145 3055 288 3119 futurum
313 3055 461 3137 simplex,
487 3062 522 3119 ut
546 3030 642 3120 docet
665 3054 845 3135 Madvigius
861 3050 895 3139 ³),
919 3051 1078 3134 significat
1103 3059 1159 3116 aut
1182 3052 1305 3136 aliquid
1328 3054 1461 3118 omnino
1486 3071 1559 3117 esse
1584 3052 1727 3116 futurum
1751 3059 1808 3115 aut
1831 3051 1953 3135 aliquid

145 3190 234 3244 certo
269 3179 411 3262 quodam
446 3178 555 3243 futuro
576 3185 724 3260 tempore
748 3177 826 3253 lieri,
859 3177 1054 3241 indicativus
1087 3178 1269 3258 praesentis
1302 3177 1400 3241 iuturi
1431 3177 1659 3259 periphrastici
1691 3184 1800 3241 autem
1832 3176 1954 3274 indicat

144 3304 267 3386 aliquid
286 3301 469 3387 praesenti
490 3310 637 3386 tempore
660 3321 733 3368 esse
758 3303 910 3367 futurum.

251 3498 254 3503 g
303 3425 434 3508 Triplex
459 3426 594 3490 omnino
618 3432 669 3489 est
691 3445 771 3490 usus
794 3425 892 3489 huius
908 3424 1090 3506 praesentis
1107 3423 1274 3497 indicativi
1290 3423 1387 3489 luturi
1405 3425 1641 3507 periphrastici.
1668 3425 1851 3508 Usurpatur
1867 3428 1953 3491 enim

307 3550 336 3635 1)
370 3552 402 3613 in
436 3549 715 3615 enuntiationibus
748 3546 901 3625 relativis,
936 3549 990 3613 ubi
1024 3548 1064 3612 de
1098 3545 1189 3613 neris
1208 3546 1349 3635 ‘futuris
1370 3550 1475 3630 agitur
1497 3551 1517 3613 i.
1542 3568 1570 3614 e.
1593 3551 1643 3626 iis,
1672 3569 1827 3636 quorum,
1850 3558 1884 3614 ut
1908 3560 1957 3615 est

145 3676 213 3739 Fat.
246 3673 269 3760 ξ
302 3674 354 3749 27,
392 3674 625 3756 »consequenti
649 3681 796 3755 tempore
818 3692 896 3738 vera
919 3675 980 3738 erit
1003 3673 1188 3736 instantia.»
1237 3672 1297 3736 llic
1321 3691 1451 3754 semper
1473 3691 1630 3755 praesens
1659 3675 1827 3740 indicativi
1856 3675 1954 3740 futuri

145 3800 387 3882 periphrastici:
400 3797 536 3884 jutura
559 3801 648 3874 sunt,
674 3801 842 3863 euentura
865 3795 1140 3884 aurifabrum
1164 3802 1222 3873 cst,
1241 3816 1307 3861 non
1324 3796 1467 3861 loturum
1484 3799 1623 3880 simplex
1640 3799 1764 3880 legitur.
1793 3799 1953 3881 Exempla

145 3924 247 3988 habes
272 3923 341 3988 Fat.
364 3921 409 4008 ἐξ
435 3924 485 3998 17,
511 3922 563 3987 33.

304 4046 337 4127 2)
369 4045 460 4111 Alter
488 4053 538 4110 est
560 4067 640 4111 usus
663 4047 830 4111 indicativi
854 4046 1036 4128 praesentis
1060 4045 1159 4110 futuri
1182 4046 1410 4128 periphrastici
1433 4046 1604 4122 eiusmodi,
1630 4053 1665 4110 ut
1688 4048 1773 4112 inter
1796 4067 1831 4112 se
1856 4069 1956 4131 oppo·
2051 4054 2054 4059 '

144 4177 264 4235 nantur
296 4170 348 4236 vel
381 4170 577 4253 copulentur
609 4180 665 4237 aut
693 4173 755 4236 tria
778 4171 834 4235 illa
857 4171 1013 4253 temporis
1037 4189 1158 4252 genera
1181 4180 1237 4235 aut
1259 4189 1417 4253 praesens
1441 4180 1473 4237 et
1496 4173 1639 4236 futurum
1663 4179 1719 4236 aut
1743 4175 1953 4254 praeteritum

144 4303 176 4360 et
199 4295 353 4360 futurum.

305 4420 364 4485 Hic
390 4440 467 4485 usus
492 4441 558 4485 non
583 4428 739 4485 constans
762 4427 820 4483 est.
869 4419 910 4484 Ut
933 4418 1008 4482 lam.
1034 4418 1087 4494 Xl,
1112 4418 1164 4494 21,
1192 4424 1219 4483 1:
1241 4420 1384 4484 »homini
1402 4421 1603 4503 nequissimo
1619 4422 1776 4497 omnium,
1802 4423 1956 4504 quisunt,

146 4545 201 4626 qui
224 4545 363 4619 luerunt,
389 4546 444 4627 qui
466 4541 583 4625 futuri
603 4547 702 4610 sunl»
728 4562 884 4626 praesens
908 4543 1074 4608 indicativi
1097 4542 1196 4608 futuri
1220 4545 1447 4626 periphrastici
1464 4545 1593 4628 legitur,
1619 4563 1665 4610 or.
1687 4546 1729 4610 ad
1754 4545 1956 4632 Quir.§16:

150 4666 225 4732 »Cn
250 4669 435 4752 Pompeius,
462 4671 509 4734 vir
533 4671 689 4743 omnium,
715 4670 878 4752 quisunt,
904 4668 1043 4745 luerunt,
1068 4674 1178 4745 erunt,
1204 4671 1330 4744 virtute,
1355 4671 1525 4751 sapientia,
1550 4669 1653 4752 gloria
1676 4671 1849 4753 princeps»
1875 4670 1959 4734 futu-

146 4810 216 4855 rum
241 4792 379 4875 simplex
404 4797 546 4876 positum
571 4801 630 4859 est.

306 5039 327 5102 ¹)
356 5040 395 5093 De
422 5041 560 5109 objectiva
584 5041 667 5095 futuri
690 5040 880 5110 periphrastici
905 5040 931 5093 vi
960 5040 1006 5094 cir.
1035 5040 1097 5096 Chr.
1127 5040 1262 5099 Cavallin.
1288 5041 1458 5109 Pedagogisk
1477 5039 1610 5094 Tidskriit
1630 5040 1707 5103 latta,
1733 5040 1815 5094 libell.
1840 5041 1857 5094 5
1879 5056 1959 5110 pagg.

145 5128 198 5182 244
234 5128 327 5286 24⁰¹²)
346 5216 400 5272 Cir.
423 5218 543 5282 liiihner,
563 5217 641 5272 Ausi.
661 5218 720 5273 Lat.
740 5219 784 5273 Gr.
805 5220 814 5273 l
833 5219 851 5286 ἓ
870 5218 931 5281 170,
951 5218 976 5272 3.
1004 5240 1005 5244 ¹

305 5308 327 5376 ⁸)
347 5307 409 5362 Lat.
430 5307 473 5362 Gr.
494 5306 512 5376 ξ
529 5307 591 5361 339.
