4274 5790
241 317 277 362 IV

358 474 390 561 3)
426 473 568 541 Omnino
593 480 769 555 usurpatur
792 491 949 555 praesens
973 471 1137 537 indicativi
1164 471 1261 537 futuri
1286 470 1512 555 periphrastici
1536 472 1569 534 in
1592 471 1871 535 enuntiationibus
1895 488 2005 534 secun·

198 600 308 677 dariis,
343 601 486 664 maxime
519 599 747 682 hypotheticis,
782 599 837 663 ubi
862 599 939 682 quid
964 616 983 662 a
1006 605 1153 679 tempore
1178 598 1341 680 praesenti
1365 602 1547 679 spectatum
1572 595 1612 659 de
1637 595 1745 660 futuro
1770 566 2006 677 pronuntiatur.

199 724 262 790 Pro
286 724 446 807 exenrplis
471 724 603 789 atleram

359 846 443 913 Cato
477 846 518 911 M.
551 845 632 933 §th
667 846 784 911 faciam
819 865 905 920 vero,
941 846 1038 921 Laeli,
1073 847 1264 928 praesertim
1297 848 1324 911 si
1357 847 1485 929 utrique
1518 854 1671 923 vestrum,
1697 853 1732 909 ut
1759 846 1852 921 dicis,
1882 852 2006 926 gratum

186 969 358 1060 futurum
385 976 449 1036 cst:

359 1095 423 1160 litt.
460 1095 529 1171 Xll,
565 1097 593 1172 1,
630 1097 657 1160 1:
683 1102 715 1160 et
748 1102 868 1170 tamen,
902 1097 963 1159 etsi
996 1097 1152 1160 continuo
1177 1093 1402 1178 compressuri
1422 1114 1553 1172 sumus,
1578 1094 1702 1160 scribes
1726 1094 1767 1159 ad
1792 1113 1853 1170 me,
1879 1095 1906 1157 si
1930 1093 2007 1176 quid

197 1221 345 1286 habebis.

357 1345 449 1409 Fam.
483 1343 538 1418 ΙΙΙ,
575 1344 624 1414 11,
651 1343 678 1406 1:
710 1343 777 1420 sed,
813 1345 967 1426 quoniam
993 1344 1083 1409 brevi
1107 1351 1262 1427 tempore,
1289 1351 1323 1409 ut
1347 1345 1458 1427 opinio
1484 1354 1595 1409 nostra
1618 1350 1676 1420 est,
1701 1350 1733 1408 te
1756 1361 1835 1408 sum
1860 1340 2007 1423 uisurus,

197 1472 241 1535 ita
265 1489 317 1535 me
342 1469 494 1534 allectum
520 1468 675 1543 offendes
702 1475 736 1532 ut
760 1467 897 1533 multum
922 1476 995 1534 ate
1020 1471 1142 1551 possim
1167 1470 1277 1534 levari.

358 1592 407 1657 Ad
432 1593 610 1657 Pontifices
635 1611 680 1657 or.
705 1591 728 1678 ξ
752 1592 808 1657 25:
835 1593 942 1658 dicam
966 1594 1037 1675 ipso
1060 1595 1212 1659 audiente
1237 1595 1325 1678 quod
1349 1594 1437 1659 sensi
1461 1600 1493 1657 et
1516 1593 1632 1670 sentio,
1663 1611 1796 1676 quoquo
1821 1592 1930 1656 animo
1956 1609 2007 1655 me

199 1714 385 1783 auditurus
410 1724 467 1781 est.
1820 1708 1823 1714 ’

359 1842 416 1906 His
451 1842 592 1906 breviter
623 1842 812 1922 praemissis
846 1845 887 1908 ad
920 1844 1124 1925 propositum
1158 1850 1305 1909 nostrum
1340 1844 1545 1908 tractandum
1570 1843 1790 1919 transibimus,
1816 1842 1848 1906 in
1873 1860 1939 1923 quo
1964 1840 2008 1904 ita

198 1986 341 2050 agemus,
366 1973 404 2031 ut
425 1967 490 2029 vim
515 1973 546 2029 et
570 1985 665 2030 usum
690 1967 893 2048 conjunctivi
917 1967 1014 2032 lutari
1038 1968 1265 2050 periphrastici
1290 1988 1346 2050 per
1368 1970 1497 2050 singula
1521 1969 1782 2032 enuntiationum
1801 1983 1921 2047 genera
1938 1983 2006 2046 per·

198 2110 385 2175 sequamur.
433 2091 562 2155 lnitium
587 2090 745 2155 faciemus
770 2090 811 2154 ab
837 2093 1116 2157 enuntiationibus
1141 2091 1293 2169 relativis,
1318 2098 1498 2175 sequentur
1521 2092 1677 2174 deinceps
1702 2092 1911 2176 quaestiones
1928 2089 2008 2153 indi·

197 2224 319 2292 rectae,
352 2216 597 2281 enuntiationes
629 2214 872 2298 hypotheticae,
906 2218 1129 2292 concessivae,
1155 2217 1407 2298 comparativae,
1432 2217 1592 2293 causales,
1618 2214 1825 2299 temporales,
1850 2232 2005 2279 consecu-

197 2338 292 2415 tivae,
317 2339 559 2404 enuntiationes
583 2358 602 2403 a
626 2337 710 2425 quin
735 2348 766 2404 et
790 2359 834 2404 ne
857 2341 1059 2423 incipientes,
1085 2341 1327 2406 enuntiationes
1351 2337 1482 2406 nectunt
1506 2349 1538 2405 et
1549 2338 1710 2429 forsitan
1735 2341 1950 2405 continentes.

359 2465 483 2542 Restat,
508 2472 544 2527 ut
567 2463 710 2544 afferam,
736 2465 855 2547 quibus
879 2467 1019 2530 maxime
1043 2466 1240 2548 adjumentis
1264 2486 1343 2531 usus
1367 2467 1438 2530 sim.

892 2590 1092 2655 Editiones
1120 2591 1199 2655 adii
1228 2591 1311 2655 has:

357 2711 397 2776 M.
423 2711 519 2776 Tullii
544 2710 714 2778 Ciceronis
737 2732 838 2796 opera
862 2733 947 2797 quae
971 2722 1147 2796 supersunt
1171 2715 1281 2780 omnia
1304 2733 1344 2779 ex
1368 2715 1561 2779 recensione
1585 2713 1635 2779 lo.
1661 2711 1757 2794 Casp.
1784 2711 1905 2778 Orellii.

358 2835 414 2901 Ed.
440 2837 494 2900 alt.
520 2837 681 2902 emendat.
728 2837 800 2902 Vol.
826 2838 838 2902 Ι
863 2846 895 2903 et
917 2838 953 2902 ll.

357 2960 397 3024 lt.
423 2960 520 3025 Tullii
542 2961 710 3027 Ciceronis
735 2959 857 3045 scripta
880 2981 965 3046 quae
987 2971 1179 3028 manserunt
1202 2964 1313 3027 omnia
1336 2981 1509 3044 recognov.
1536 2962 1652 3028 Reinh.
1669 2962 1780 3051 Klotz.

356 3054 403 3149 tls
423 3084 519 3150 Tullii
544 3085 712 3151 Ciceronis
736 3089 857 3170 scripta
882 3106 966 3171 quae
991 3095 1180 3153 manserunt
1206 3089 1315 3153 omnia
1339 3106 1469 3169 recogn.
1495 3087 1530 3154 C.
1556 3088 1590 3152 F.
1615 3088 1667 3152 W.
1692 3086 1835 3152 Mueller.
1876 3086 1960 3150 Part.
1981 3086 2006 3150 ll

199 3209 269 3275 Vol.
295 3210 316 3287 l,
342 3210 379 3287 ll,
403 3210 454 3274 ΙΙΙ.
503 3210 587 3275 Part.
614 3211 656 3274 ΙΙΙ
677 3211 749 3276 Vol.
774 3212 796 3288 l,
821 3211 857 3286 ll,
882 3212 932 3276 ΙΙΙ.

356 3334 397 3398 lll.
423 3335 519 3400 Tullii
544 3334 712 3401 Ciceronis
736 3355 837 3418 opera
861 3355 945 3419 quae
970 3343 1146 3421 supersunt
1169 3336 1280 3400 omnia
1303 3337 1475 3401 ediderunt
1498 3337 1520 3401 l.
1539 3335 1574 3401 G.
1595 3337 1703 3401 Baiter
1717 3344 1748 3401 et
1766 3335 1801 3401 C.
1822 3336 1853 3399 L.
1872 3335 1997 3418 Kayser

357 3458 397 3523 ΙΙΙ.
432 3458 527 3523 Tullii
562 3458 731 3525 Ciceronis
764 3461 856 3543 epist.
891 3462 932 3526 ad
965 3461 1028 3526 Att.
1064 3461 1136 3525 libri
1170 3461 1251 3526 XVl.
1302 3462 1378 3526 Rec.
1412 3469 1444 3525 et
1467 3461 1576 3526 adnot.
1603 3461 1716 3525 illustr.
1740 3461 1762 3525 l.
1789 3459 1823 3525 C.
1849 3459 1885 3525 G.
1911 3460 1995 3524 Boot

198 3581 435 3648 Amstelodami
462 3584 556 3649 1865.

610 3708 888 3775 Grammaticos
918 3730 1031 3794 quum
1059 3711 1160 3776 alios
1190 3719 1266 3775 tum
1296 3712 1366 3775 hos
1394 3710 1591 3776 consului:

358 3831 510 3914 Draeger,
536 3833 738 3898 Historische
763 3833 887 3917 Syntax
911 3835 969 3900 der
992 3836 1222 3900 Lateiniscben
1246 3835 1402 3918 Sprache.

357 3957 500 4032 Kiihner,
526 3956 756 4023 Ausliihrliche
781 3956 982 4024 Grammatik
1005 3961 1062 4025 der
1084 3961 1151 4035 Lat.
1177 3959 1334 4042 Sprache.

357 4081 495 4164 Madvig,
522 4082 728 4147 Lateinische
750 4082 968 4164 Sprachlehre
993 4084 1044 4148 liir
1068 4085 1222 4172 Schulen.
1270 4085 1528 4167 Braunschweig
1553 4084 1647 4150 1857.

359 4206 531 4271 Lattmann
555 4208 622 4271 und
645 4206 769 4282 Miiller,
796 4208 863 4271 Lat.
890 4207 1193 4290 Schulgrammatik.
1242 4209 1415 4291 thtingen
1442 4208 1536 4273 1872.

358 4329 482 4412 Hoppe,
508 4352 548 4396 zu
572 4333 636 4396 den
661 4332 876 4414 Fragmenten
900 4333 968 4396 und
993 4333 1049 4397 der
1074 4332 1220 4416 Sprache
1245 4333 1387 4400 Ciceros.
1436 4332 1645 4398 Gumbinnen
1671 4334 1765 4399 1875.

358 4454 482 4537 Hoppe,
517 4457 575 4521 der
605 4454 801 4538 Conjunctiv
835 4457 893 4520 der
925 4455 1119 4540 Conjugatio
1143 4460 1379 4542 periphrastica
1402 4460 1509 4524 activa
1532 4460 1565 4522 in
1589 4460 1683 4524 indir.
1709 4458 1834 4539 Frageu
1859 4456 1926 4520 und
1949 4456 2006 4520 Be-

198 4577 482 4659 dingungsstitzen.
532 4579 648 4645 Gumb.
675 4582 769 4645 1879.

357 4702 446 4782 Quos
470 4712 639 4786 praeterea
664 4706 873 4770 adhibuimus
897 4713 953 4771 aut
977 4707 1118 4770 editores
1143 4714 1199 4771 aut
1222 4709 1460 4788 grammaticos,
1486 4728 1547 4772 suo
1572 4728 1735 4792 quemque
1760 4710 1834 4776 loco
1857 4714 2001 4779 nomina-

197 4826 313 4892 bimus.
1753 4837 1754 4840 ’
