4320 5796
1822 266 1864 329 27

104 472 169 517 non
204 455 392 535 quaerimus
416 461 488 531 etc,
513 454 568 518 ubi
592 454 690 518 etiam
714 454 800 536 conj.
827 472 931 536 praes.
957 453 1013 518 fut.
1039 454 1181 537 periphr.
1207 453 1240 517 in
1265 452 1412 516 oratione
1437 457 1526 516 recta
1549 452 1727 534 respondet
1751 453 1907 534 conjunc·

103 560 168 624 dvo
192 561 376 642 praesentis
400 562 572 644 simplicis:
599 560 676 644 quid
700 560 844 626 faciant?

263 682 385 750 Contra
407 686 517 751 videre
540 687 617 751 licet
640 686 671 750 h.
696 685 727 761 l.,
752 686 997 768 conjunctivum
1023 684 1202 767 imperfecti
1226 685 1260 748 in
1284 683 1422 766 apodosi
1446 683 1643 765 sumptionis
1660 683 1707 747 rei
1725 701 1792 748 non
1809 702 1908 749 verae

104 791 154 856 vel
187 790 448 857 condicionalem
481 793 503 869 I,
529 795 585 877 qui
608 799 753 870 vocatur,
778 795 812 856 in
836 793 1029 875 quaestione
1053 793 1212 859 indirecta
1236 793 1440 856 immutatum
1467 809 1613 855 manere:
1639 796 1759 884 negant
1782 790 1814 855 id
1838 789 1908 855 lieri

103 916 210 981 posse.
256 897 471 981 Nequaquam
504 906 612 983 potest
644 900 677 965 id
701 899 844 983 quidem,
869 899 927 964 sed
952 918 1085 982 quaero,
1112 899 1199 983 quod
1224 904 1344 981 negant
1367 916 1474 980 posse,
1499 898 1531 962 id
1555 898 1582 962 si
1606 903 1726 981 posset,
1752 897 1907 980 quidnam

92 1005 269 1094 facerent.

261 1132 362 1196 lbdm.
385 1130 408 1218 ξ
431 1131 487 1197 50:
513 1133 583 1197 elus
606 1133 734 1214 generis
757 1129 815 1218 (sc.
841 1151 916 1197 cum
940 1151 1122 1215 repugnare
1146 1132 1267 1197 utilitas
1283 1131 1447 1215 honestati
1467 1130 1625 1212 videatur)
1643 1130 1704 1195 hae
1722 1134 1797 1193 sunt
1813 1146 1908 1212 quae-

103 1238 244 1302 stiones:
269 1239 298 1302 si
321 1238 462 1321 exempli
485 1240 589 1320 gratia
611 1240 661 1303 vir
684 1239 791 1304 bonus
814 1236 1022 1304 Alexandrea
1038 1239 1191 1304 Rhodum
1209 1258 1361 1321 magnum
1380 1237 1533 1303 frumenti
1550 1255 1722 1302 numerum
1739 1236 1908 1301 advexerit

103 1345 134 1408 in
168 1344 371 1410 Rhodiorum
405 1346 516 1428 inopIa
548 1353 579 1411 et
612 1345 697 1411 lame
730 1385 783 1423 —,
817 1347 844 1410 si
877 1346 964 1411 idem
999 1347 1080 1412 sciat
1105 1347 1291 1429 complures
1316 1351 1515 1411 mercatores
1538 1343 1745 1409 Alexandrea
1767 1343 1907 1408 solvisse

102 1472 269 1537 navesque
301 1455 335 1518 in
367 1473 466 1519 cursu
499 1453 662 1519 Immerito
695 1459 832 1518 onustas
855 1459 1004 1535 petentes
1028 1454 1181 1519 Rhodum
1205 1453 1331 1531 viderit,
1356 1449 1558 1518 dicturusne
1580 1449 1623 1516 sit
1645 1451 1678 1516 id
1702 1451 1840 1516 Rhodiis
1864 1469 1907 1516 an

101 1559 231 1625 silentio
255 1580 351 1625 suum
375 1580 473 1644 quam
498 1560 638 1643 plurimo
662 1561 861 1625 venditurus.

261 1687 331 1750 Hoc
365 1705 497 1770 quoque
529 1686 604 1752 loco
636 1686 736 1751 credo
770 1687 998 1769 quaestionem
1032 1685 1222 1752 indirectam
1257 1705 1332 1751 cum
1357 1684 1523 1759 Muellero,
1557 1702 1624 1748 non
1648 1683 1806 1747 directam
1830 1702 1906 1746 cum

100 1792 228 1857 Klotzio
252 1800 284 1857 ct
307 1793 437 1858 Baitero
461 1812 534 1858 esse
558 1793 766 1858 cernendam.
814 1791 1058 1876 Significatione
1082 1798 1192 1858 autem
1215 1792 1367 1857 videntur
1389 1793 1473 1856 inter
1496 1809 1531 1855 se
1556 1809 1623 1855 non
1647 1808 1827 1871 congruere
1844 1790 1905 1854 hoc

101 1899 287 1981 exemplum
319 1906 352 1964 et
374 1899 438 1975 illa,
473 1919 558 1983 quae
581 1898 604 1986 ξ
627 1899 670 1965 39
694 1900 853 1982 leguntur.
902 1900 949 1965 lbi
973 1901 1060 1964 enim
1083 1907 1247 1983 putamus,
1272 1898 1483 1982 potentialem
1508 1897 1596 1962 illam
1621 1898 1686 1960 va
1711 1897 1744 1961 in
1768 1896 1907 1979 apodosi

101 2007 219 2081 inesse,
253 2025 351 2090 quam
385 2006 490 2071 solam
522 2008 556 2071 in
589 2007 751 2072 eiusmodi
783 2007 1003 2090 hypotheticis
1026 2008 1197 2072 sententiis
1220 2006 1423 2089 grammatici
1447 2010 1716 2081 commemorant,
1742 2003 1905 2085 Draegero

101 2121 248 2195 excepto,
282 2115 337 2197 qui
371 2113 463 2200 (HIst.
499 2112 590 2198 Synt.
626 2114 668 2179 IV
701 2113 724 2200 ξ
756 2112 833 2200 549)
867 2114 907 2179 de
940 2114 990 2179 his
1013 2114 1215 2196 apodosibus
1239 2114 1302 2179 hoc
1327 2114 1436 2179 docet:
1463 2112 1521 2177 der
1544 2112 1722 2194 Hauptsatz
1747 2112 1801 2177 hat
1827 2110 1907 2176 aber

105 2216 328 2303 Conjunctiue
360 2240 427 2287 oon
461 2217 728 2287 oersclu'edener
745 2204 971 2306 'Bedeutunp
995 2222 1061 2286 und
1092 2221 1216 2286 kommt
1239 2222 1325 2286 auch
1349 2223 1382 2285 in
1406 2220 1564 2284 Indicativ
1588 2238 1655 2284 vor.
1703 2219 1772 2284 Hoc
1797 2224 1906 2283 autem

100 2326 286 2411 exemplum
311 2327 405 2393 aliter
427 2347 463 2393 se
487 2328 609 2394 habere
632 2329 769 2394 videtur.
818 2329 864 2393 Ex
888 2329 927 2392 iis
951 2329 1048 2405 enim,
1084 2347 1168 2412 quae
1192 2333 1384 2413 sequuntur,
1409 2327 1567 2402 videmus,
1593 2326 1657 2393 hoc
1681 2326 1754 2392 loco
1779 2345 1848 2390 rem
1872 2326 1906 2389 in

99 2434 334 2501 deliberatione
359 2443 391 2501 et
413 2436 655 2501 consultati0ne
680 2437 811 2502 versari.
860 2436 943 2502 Nam
966 2437 1049 2502 haec
1073 2436 1259 2520 explicandi
1283 2453 1385 2501 causa
1408 2434 1498 2500 addit
1511 2433 1641 2499 Cicero:
1669 2435 1850 2516 sapientem
1875 2438 1907 2498 et

99 2543 222 2608 bonurn
248 2545 351 2609 virum
375 2543 541 2626 fingImus;
567 2539 611 2609 de
635 2541 707 2610 eius
731 2539 982 2609 deliberatione
1006 2547 1038 2608 et
1060 2539 1312 2609 consultatione
1336 2544 1533 2627 quaerimus,
1559 2542 1615 2625 qui
1639 2540 1803 2636 celaturus
1820 2541 1904 2605 Rho·

100 2651 172 2715 dios
196 2670 263 2716 non
287 2652 338 2728 sit,
363 2652 392 2715 si
416 2651 447 2715 id
473 2657 566 2734 turpe
586 2651 721 2729 judicet,
747 2651 805 2716 sed
830 2650 963 2727 dubitet,
988 2670 1031 2715 an
1054 2657 1149 2734 turpe
1173 2669 1239 2715 non
1263 2651 1313 2714 sit.

257 2757 471 2841 Imperativus
495 2758 628 2842 quidam
651 2777 769 2823 sensus
793 2759 981 2823 necessario
1005 2758 1101 2840 igitur
1123 2759 1157 2822 in
1181 2764 1293 2824 nostro
1310 2757 1521 2841 conjunctivo
1539 2757 1633 2822 inest.
1653 2754 1797 2830 Accedit,
1817 2754 1905 2838 quod

98 2863 214 2929 Cicero
237 2865 308 2946 ipse
331 2865 365 2929 in
387 2863 410 2951 ξ
434 2865 475 2929 57
500 2865 586 2930 hanc
611 2865 837 2948 quaestionem
862 2865 907 2929 ita
929 2864 1079 2929 dissolvit
1102 2870 1134 2929 et
1157 2864 1311 2948 explicat:
1335 2885 1401 2930 non
1419 2865 1515 2946 igitur
1530 2864 1658 2928 videtur
1674 2862 1906 2928 frumentarius

98 2972 151 3036 ille
176 2971 324 3037 Rhodios
349 3009 389 3018 -
414 2972 522 3037 celare
546 2978 710 3054 emptores
735 2968 904 3038 debuisse.

257 3078 348 3159 Quae
373 3098 473 3162 quum
497 3080 542 3143 ita
565 3080 639 3155 sInt,
674 3081 817 3145 incertus
841 3099 923 3156 sum,
953 3080 1161 3145 »dicturusne
1184 3081 1244 3145 sit»
1271 3085 1378 3145 utrum
1404 3084 1511 3144 ortum
1536 3097 1608 3144 esse
1631 3084 1742 3162 putem
1767 3097 1807 3142 ex
1831 3098 1906 3144 con·

93 3187 243 3269 junctivo
275 3186 457 3268 praesentis
490 3186 658 3269 simplicIS,
694 3205 760 3251 non
789 3186 875 3251 illlus
899 3187 1031 3270 quidem
1056 3206 1145 3252 mere
1170 3187 1361 3269 imperativi,
1387 3187 1445 3251 sed
1470 3186 1845 3270 potentiali-imperativi,
1871 3193 1906 3251 ut

97 3295 142 3358 ita
175 3294 291 3369 dicam,
325 3312 369 3357 an
401 3312 440 3358 ex
465 3294 642 3358 indicativo
667 3293 766 3358 futuri
790 3293 948 3376 simplicis
972 3294 1165 3376 Imperativo
1188 3312 1288 3358 sensu
1312 3294 1458 3376 praediti.
1507 3293 1684 3377 Utramque
1708 3293 1846 3359 formam
1871 3295 1905 3357 in

98 3401 345 3483 quaestionibus
377 3401 474 3465 huius
506 3400 677 3477 similibus
712 3419 810 3484 quam
844 3419 931 3465 nunc
956 3406 1144 3478 tractamus,
1168 3401 1315 3465 invenIre
1340 3401 1423 3467 licet.
1472 3400 1705 3483 Dignissimum
1730 3408 1788 3478 est,
1815 3401 1903 3484 quod

99 3508 385 3583 animadvertatur,
411 3513 510 3590 caput
533 3507 636 3571 XXIII
660 3508 757 3572 huius
782 3505 972 3573 Officiorum
996 3507 1079 3584 libri,
1104 3508 1138 3572 in
1162 3527 1238 3591 quo,
1257 3528 1357 3592 quum
1376 3508 1557 3591 permultae
1573 3509 1782 3573 inveniantur
1797 3509 1905 3574 huius·

98 3615 187 3679 modi
219 3616 438 3698 quaestiones,
472 3613 587 3680 CIcero
612 3614 769 3679 orationis
792 3615 969 3679 variandae
993 3633 1095 3679 causa
1119 3615 1152 3679 in
1175 3614 1313 3697 apodosi
1337 3616 1521 3680 adhibuerit
1545 3616 1790 3699 conjunctivum
1814 3635 1905 3699 prae-

97 3722 199 3786 sentis
222 3722 381 3804 slmplicis
405 3723 551 3788 inrecta
575 3728 607 3786 et
631 3722 765 3805 obliqua
788 3722 945 3798 oratione,
971 3721 1116 3786 futurum
1141 3721 1278 3804 slmplex
1302 3723 1433 3789 indicat.
1461 3724 1494 3788 in
1518 3730 1608 3789 recta
1633 3724 1790 3799 oratione,
1815 3725 1903 3807 conj.

95 3846 202 3911 praes.
236 3827 292 3892 lut.
327 3828 468 3911 periphr.
494 3829 527 3892 in
552 3828 706 3911 pendenti
731 3829 888 3904 oratione,
914 3833 1081 3910 postremo
1107 3829 1237 3894 duobus
1260 3829 1480 3912 singularibus
1505 3831 1596 3906 locis,
1621 3829 1724 3895 altero
1749 3832 1782 3895 in
1807 3850 1903 3914 quae-

96 3935 202 3999 stione
226 3935 386 4000 indirecta
409 3931 447 4021 (t)
472 3929 651 4012 debeatne,
676 3934 778 3999 altero
802 3936 836 3998 in
860 3936 1053 4018 quaestione
1077 3935 1193 4001 libera:
1213 3933 1419 4002 dicendane.
1468 3936 1627 4004 Omnibus
1644 3939 1695 4002 his
1708 3938 1790 4003 locis
1807 3959 1902 4022 quae·

95 4043 158 4106 stio
181 4042 305 4106 Institui
330 4042 464 4116 videtur,
491 4042 568 4124 quid
593 4043 666 4124 quis
690 4047 779 4106 certa
803 4041 945 4125 quadam
963 4043 1158 4109 condIcione
1177 4043 1285 4109 Iacere
1303 4039 1437 4121 debeat,
1457 4045 1534 4128 quid
1551 4045 1660 4109 Iacere
1677 4064 1774 4128 quem
1788 4046 1903 4128 jubeat

95 4148 249 4213 ostiolum.
303 4148 516 4213 ›Dicturusne
549 4148 609 4212 sit»
645 4149 740 4230 igitur
771 4150 804 4213 in
837 4149 985 4214 oratione
1018 4156 1107 4215 recta
1139 4157 1209 4215 aul:
1246 4151 1376 4216 dicatne
1412 4150 1466 4238 (ε
1491 4151 1650 4216 debeatne
1676 4150 1807 4240 dicere),
1832 4160 1901 4220 ant:

95 4256 234 4320 dicetne.

255 4361 355 4425 lbdm.
380 4359 403 4447 ξ
426 4362 483 4426 91:
507 4363 633 4445 quaerit
656 4364 753 4426 etiam
777 4362 937 4446 (Hecate),
955 4365 982 4428 si
999 4365 1130 4446 sapiens
1147 4365 1347 4430 adulterinos
1364 4383 1517 4429 nummos
1533 4365 1696 4448 acceperit
1713 4366 1902 4449 imprudens

95 4488 154 4552 pro
178 4469 282 4545 boniS,
308 4487 383 4533 cum
408 4469 440 4533 id
464 4471 619 4546 rescierit,
644 4466 870 4535 soluturusne
892 4469 936 4536 sit
959 4490 1026 4548 eos,
1051 4472 1079 4535 si
1102 4473 1156 4537 cui
1179 4472 1306 4550 debeat,
1331 4491 1392 4556 pro
1417 4471 1522 4537 bonis.

255 4575 325 4642 Hoc
348 4576 533 4659 exemplum
559 4578 676 4660 prioris
700 4577 901 4642 simillimum
926 4597 999 4644 esse
1024 4580 1160 4645 videtur.

255 4730 348 4795 Nunc
373 4729 551 4795 alieremus
570 4748 609 4795 ea
632 4729 791 4811 exempla,
817 4731 849 4794 ln
873 4730 991 4813 quibus
1016 4731 1150 4796 dubium
1175 4751 1247 4798 esse
1272 4739 1388 4815 potest,
1413 4738 1521 4798 utrum
1545 4732 1708 4814 objectiva
1731 4751 1774 4797 an
1791 4741 1901 4815 poten-

95 4835 162 4901 tiali
187 4836 426 4917 significatione
451 4837 617 4919 praeditus
642 4838 682 4900 sit
706 4837 792 4917 conj.
817 4854 922 4919 praes.
949 4837 1005 4902 tut.
1030 4838 1173 4921 periphr.

254 4941 393 5007 Herenn.
426 4944 454 5008 II
484 4942 507 5030 ξ
539 4944 595 5009 22:
630 4943 672 5009 ab
701 4944 888 5010 adversarIo
912 4945 1158 5027 percontabitur
1180 4952 1363 5022 accusator,
1388 4943 1475 5032 quid
1495 4943 1659 5028 futurum
1682 4944 1735 5024 sit,
1760 4949 1787 5010 si
1811 4947 1898 5012 idem

93 5050 216 5114 caeteri
240 5047 372 5113 iaciant.

254 5154 354 5219 lbdm.
388 5154 461 5242 II§
493 5156 550 5222 50:
585 5158 810 5222 misericordia
842 5159 1103 5226 commovebitur
1135 5160 1351 5239 auditoribus,
1382 5161 1419 5236 si,
1445 5179 1530 5242 quae
1555 5161 1650 5227 nobis
1674 5159 1800 5237 lutura
1826 5160 1902 5228 sint

94 5265 156 5327 nisi
180 5283 315 5329 causam
340 5263 587 5341 obtinuerimus,
613 5264 889 5330 enumerabimus.
