4274 5790
1931 298 1950 360 7

347 471 379 554 2)
402 470 630 554 Imperfectum
654 471 740 553 conj.
766 469 822 536 161.
847 473 988 554 periphr.
1014 473 1054 538 de
1078 493 1128 551 eo,
1154 473 1996 558 6661166161616116616666116161,6161661166]

186 576 330 660 aliquam
354 580 515 644 rationem
538 577 706 644 referatur.

101 673 102 676 ¹
349 686 385 750 ln
409 705 544 752 munere
569 695 599 751 et
624 686 733 751 cilicio
757 686 897 751 alicuius
920 689 1028 769 posita
1052 694 1102 752 est
1124 689 1207 753 ratio
1231 689 1371 754 actionis
1395 687 1522 753 suturae

348 793 421 875 Leg.
446 793 520 876 Agr.
542 794 568 858 11
591 793 614 880 ξ
640 795 695 859 te:
721 812 818 859 nemo
843 798 987 871 mutavit,
1014 797 1093 879 quin
1117 798 1156 873 ei,
1183 798 1238 880 qui
1261 796 1385 879 populo
1409 814 1505 877 agros
1529 800 1644 861 essent
1666 792 1899 879 oclsigoaturi,
1917 803 1993 860 ante

187 918 206 961 a
230 898 353 981 populo
377 902 565 984 acciperent
588 901 784 966 beneficium
809 921 908 984 quam
932 903 1056 968 darent.

347 1006 409 1086 Qui
433 1015 544 1073 essent
567 1009 767 1092 adsignaturi
791 1027 824 1073 o:
850 1027 990 1093 quorum
1015 1009 1160 1075 osticium
1184 1018 1280 1086 esset,
1305 1016 1341 1073 ut
1364 1009 1583 1090 adsignarent.

346 1113 382 1177 ln
405 1115 516 1181 indole
540 1135 579 1182 ac
605 1122 721 1181 natura
744 1115 883 1180 alicuius
907 1115 986 1181 latet
1008 1118 1091 1182 ratio

347 1220 422 1288 Sex.
448 1224 545 1288 Rosc.
571 1223 642 1287 Am.
667 1222 690 1310 ξ
714 1223 771 1288 52:
797 1224 932 1289 domum
956 1243 1051 1288 suam
1074 1224 1172 1288 istum
1197 1243 1264 1288 non
1289 1222 1354 1288 lere
1378 1223 1550 1306 quisquam
1576 1223 1725 1289 vocabat.
1774 1225 1842 1289 Nec
1867 1224 1995 1301 mirum,

187 1329 242 1411 qui
266 1348 374 1412 neque
398 1331 431 1394 in
455 1331 536 1395 urbe
560 1332 683 1396 viveret
707 1349 814 1414 neque
838 1334 1067 1397 revocaturus
1091 1336 1187 1396 essct.

347 1436 410 1503 Clr.
445 1436 468 1523 ξ
500 1437 557 1502 39;
592 1438 632 1503 de
656 1438 785 1502 luxuria
808 1439 958 1521 purgavit
982 1439 1129 1516 Erucius
1154 1457 1229 1504 cum
1254 1439 1335 1503 dixit
1358 1439 1446 1502 hunc
1471 1457 1512 1504 ne
1536 1441 1570 1503 in
1595 1438 1747 1502 convivio
1772 1438 1903 1522 quidem
1928 1436 1996 1503 ullo

186 1543 382 1609 interfuisse.
429 1545 517 1610 Nihil
541 1552 650 1611 autem
675 1564 831 1628 umquam
855 1546 977 1611 debuit.

346 1652 393 1717 De
425 1670 475 1729 e0,
510 1653 599 1736 quod
632 1652 776 1717 futurum
808 1671 882 1718 esse
915 1672 955 1718 ex
988 1653 1088 1718 rebus
1121 1653 1317 1737 quibusdam
1342 1652 1496 1718 concludi
1520 1659 1641 1736 posset,
1666 1653 1808 1734 positum
1833 1659 1883 1717 est
1905 1650 1994 1734 impl.

186 1758 272 1840 conj.
298 1757 353 1824 fut.
380 1760 521 1842 periphr.

346 1865 411 1931 Mil.
437 1866 460 1953 ξ
483 1867 540 1932 51:
566 1886 689 1932 66166
713 1869 747 1932 in
771 1867 845 1933 loco
871 1887 938 1932 non
962 1867 1118 1944 subsedit,
1144 1886 1210 1950 quo
1233 1868 1288 1933 ille
1313 1875 1412 1932 noctu
1438 1849 1603 1932 neuturus
1628 1871 1724 1931 essct.
1764 1887 1797 1932 o:
1822 1886 1888 1950 quo
1904 1867 1996 1931 illum

187 1980 287 2037 noctu
316 1981 490 2039 venturum
519 1994 592 2040 esse
621 1976 782 2057 suspicari
804 1975 918 2040 liceret
940 1994 986 2040 sc.
1012 1982 1146 2058 propter
1168 1975 1355 2039 distantiam
1380 1974 1477 2038 huius
1501 1973 1565 2039 loci
1589 1971 1703 2059 (prope
1727 1973 1841 2039 urbem
1866 1975 1932 2054 siti)
1955 1974 1996 2037 ab

186 2079 242 2143 illo
267 2079 341 2145 loco
365 2083 421 2161 (=
445 2080 576 2168 Aricia),
602 2083 688 2147 unde
713 2081 865 2148 Clodium
890 2081 1073 2164 proiectum
1098 2100 1170 2146 esse
1195 2083 1327 2164 ponitur
1350 2081 1486 2145 scivisse
1510 2079 1674 2146 Milonem.

347 2188 403 2270 Ep.
429 2190 471 2254 ad
495 2190 584 2255 Brut.
610 2189 631 2267 1,
660 2189 710 2266 15,
738 2189 792 2255 1οε
818 2188 944 2253 nullum
969 2188 1092 2263 bellum
1117 2189 1213 2254 civile
1237 2189 1296 2254 luit
1313 2189 1469 2263 omnium,
1487 2206 1572 2271 quae
1589 2190 1748 2253 memoria
1764 2206 1838 2252 mea
1854 2186 1994 2264 fuerunt,

185 2295 219 2358 in
244 2314 310 2377 quo
334 2295 421 2361 bello
446 2316 523 2374 non,
548 2305 765 2381 utracumque
788 2316 865 2379 pars
889 2297 1031 2372 vicisset,
1057 2303 1167 2361 tamen
1191 2297 1301 2379 aliqua
1326 2295 1431 2362 torma
1455 2293 1689 2381 essctsittura
1711 2296 1758 2360 rei
1782 2293 1943 2376 publicae.

347 2423 380 2468 o:
413 2404 448 2468 in
476 2424 542 2487 quo
565 2404 653 2470 bello
678 2423 744 2469 non
768 2422 901 2486 sperare
926 2404 1039 2468 liceret
1061 2403 1205 2487 aliquam
1230 2404 1368 2469 sormam
1394 2421 1467 2468 esse
1492 2403 1633 2467 suturam
1657 2421 1703 2466 sc.
1728 2408 1862 2484 propter
1887 2420 1996 2466 mores

185 2516 217 2571 et
241 2510 350 2574 studia
373 2529 498 2588 eorum,
524 2514 580 2594 qui
604 2513 689 2576 inter
712 2529 748 2576 se
771 2511 894 2576 bellum
918 2511 1084 2593 gerebant.

347 2618 394 2683 De
418 2638 468 2696 eo,
494 2620 582 2702 quod
606 2620 640 2684 in
663 2618 832 2684 voluntate
856 2628 889 2683 et
912 2618 1052 2683 consilio
1076 2619 1216 2683 alicuius
1239 2619 1383 2699 positum
1408 2623 1457 2681 est
1480 2618 1549 2682 sive
1574 2618 1614 2681 de
1638 2636 1688 2694 eo,
1708 2617 1797 2699 quod
1813 2617 1854 2681 ad
1872 2616 1996 2699 aliquid

186 2722 383 2788 destinatum
407 2733 466 2801 est,
491 2733 683 2809 usurpatum
708 2733 756 2791 est
780 2725 870 2808 impl.
896 2727 982 2808 conj.
1009 2725 1065 2791 lut.
1090 2726 1233 2809 periphr.

345 2831 426 2897 Tim.
453 2833 494 2898 de
520 2834 674 2898 universo
704 2833 759 2897 12:
784 2835 832 2897 sic
859 2852 895 2898 se
920 2852 973 2898 res
999 2833 1151 2910 habebat,
1176 2839 1212 2897 ut
1234 2833 1454 2914 praestantius
1477 2849 1580 2913 genus
1604 2837 1694 2896 esset
1716 2849 1830 2897 eorum
1851 2836 1910 2912 (sc.
1931 2831 1997 2894 ani-

187 2940 338 3021 morum),
363 2940 418 3022 qui
444 2943 558 3005 essent
568 2937 694 3028 saturi
714 2940 784 3004 viri.

345 3066 377 3111 o:
404 3047 460 3129 qui
483 3047 537 3123 ita,
562 3065 602 3111 ea
625 3046 695 3128 lege
719 3053 830 3112 essent
853 3049 1009 3130 generati,
1034 3055 1069 3112 ut
1092 3048 1153 3112 viri
1178 3046 1301 3112 tierent.

345 3153 408 3218 Att.
441 3153 508 3231 Vll,
545 3155 595 3230 17,
621 3152 657 3217 2:
691 3154 726 3217 in
760 3172 825 3236 quo
858 3156 1012 3219 accusavi
1042 3172 1173 3219 mecum
1197 3155 1267 3236 ipse
1291 3153 1494 3235 Pompeium,
1520 3155 1575 3236 qui
1599 3161 1707 3218 tantas
1731 3172 1783 3218 res
1807 3158 1904 3235 atque
1928 3170 1995 3227 eas,

187 3278 271 3340 quae
296 3261 329 3324 in
354 3262 501 3325 omnium
525 3279 643 3324 manus
668 3263 837 3326 contaroc
861 3264 983 3343 essent,
1008 3260 1115 3327 Sestio
1140 3269 1254 3326 nostro
1278 3261 1471 3326 scribendas
1495 3260 1630 3325 dederit.

345 3367 409 3433 Clr.
443 3367 544 3433 verba
576 3368 724 3449 proxime
758 3367 1000 3432 antecedentia:
1044 3367 1193 3450 Scriptae
1223 3370 1310 3432 enim
1334 3375 1367 3432 et
1389 3369 1485 3433 datae
1517 3371 1576 3448 (sc.
1602 3368 1663 3431 hae
1688 3366 1813 3430 litterae
1837 3366 1996 3452 Pompeii)

185 3474 230 3538 ita
253 3483 338 3552 sunt,
364 3483 399 3539 ut
422 3481 685 3558 proponerentur
708 3476 741 3538 in
764 3474 908 3557 publico.

345 3582 381 3646 ln
405 3582 573 3647 voluntate
598 3587 631 3647 61
653 3583 869 3664 dispositione
894 3582 1034 3648 alicuius
1058 3583 1166 3664 posita
1189 3588 1239 3647 est
1262 3581 1345 3645 ratio

344 3689 400 3753 Α11
431 3689 512 3766 11111,
548 3689 602 3767 52,
639 3691 670 3753 1;
706 3689 783 3753 villa
815 3689 861 3753 116
892 3689 1057 3771 completa
1090 3688 1247 3753 militibus
1271 3695 1329 3765 est,
1359 3693 1394 3752 ut
1417 3688 1470 3751 vix
1495 3687 1681 3763 triclinium,
1707 3686 1761 3751 ubi
1786 3691 1996 3752 coenaturus

185 3796 254 3876 ipse
279 3794 402 3861 Caesar
425 3800 522 3873 essct,
548 3802 690 3861 vacaret.
1215 3805 1216 3808 ’

345 3923 377 3968 o:
413 3903 478 3981 ubi,
514 3910 547 3968 ut
580 3910 737 3968 coenaret
759 3905 829 3986 ipse
854 3901 985 3979 Caesar,
1018 3922 1038 3967 a
1070 3902 1222 3986 Philippo
1247 3902 1374 3984 hospite
1398 3906 1485 3964 esset
1509 3906 1668 3963 curatum.
1715 3900 1841 3983 Hoppe‚
1867 3921 1908 3964 zu
1931 3901 1995 3966 den

185 4008 402 4091 Fragmenten
435 4016 495 4075 etc.
532 4029 603 4092 pag.
630 4009 688 4074 25:
722 4009 828 4084 sollte,
855 4009 987 4085 konnte,
1014 4028 1153 4093 quarum
1178 4009 1485 4091 interpretationum
1510 4007 1738 4071 tantummodo
1762 4009 1904 4090 priorem
1931 4008 1995 4072 loci

184 4118 366 4182 sententiae
399 4119 576 4182 convenire
610 4125 754 4200 apparet.
811 4115 933 4181 Contra
962 4118 989 4180 si
1014 4117 1201 4199 potentialis
1226 4117 1275 4181 vis
1301 4117 1334 4181 in
1359 4115 1523 4180 sententia
1547 4113 1683 4179 relativa
1707 4116 1838 4190 inesset,
1864 4134 1994 4197 exspec-

184 4229 271 4288 tares
294 4243 368 4305 pro:
394 4226 606 4290 coenaturus
631 4228 721 4289 osset
742 4227 913 4288 coenaret.

342 4437 376 4520 3)
398 4437 449 4503 Ad
473 4441 603 4521 copiam
627 4439 679 4504 vel
704 4438 894 4504 facultatem
911 4438 1050 4502 alicuius
1066 4439 1113 4502 rei
1131 4436 1302 4503 faciendae
1318 4436 1566 4520 significandam
1584 4444 1761 4519 usurpatus
1776 4455 1850 4502 esse
1868 4438 1995 4501 videtur

185 4547 270 4630 conj.
296 4546 386 4629 impf.
410 4547 467 4613 lut.
493 4549 635 4631 periphr.

343 4655 433 4719 Fam.
459 4655 511 4731 lV,
536 4655 567 4736 5,
592 4654 612 4719 3
632 4652 806 4740 (Serviuslz
833 4655 911 4737 quid
936 4659 1046 4717 autem
1071 4652 1139 4729 fuit,
1165 4652 1253 4735 quod
1278 4653 1366 4716 illam
1393 4650 1557 4735 (Tulliam)
1581 4652 1644 4716 hoc
1663 4659 1809 4733 tempore
1827 4653 1868 4717 ad
1888 4653 1994 4715 viven-

184 4758 260 4821 dum
294 4780 492 4845 magnopere
525 4763 663 4826 invitare
696 4761 829 4843 posset?
865 4758 916 4824 An
949 4767 984 4824 ut
1017 4778 1057 4824 ea
1091 4759 1212 4824 liberos
1244 4776 1284 4821 ex
1319 4777 1392 4823 sese
1425 4766 1563 4840 pareret,
1598 4777 1682 4841 quos
1716 4780 1816 4842 quum
1841 4759 1994 4823 florentes

183 4864 316 4941 videret,
351 4867 548 4933 laetaretur?
580 4868 641 4948 Qui
675 4887 744 4932 rem
777 4872 956 4949 aparente
980 4867 1132 4930 traditam
1157 4873 1268 4931 tenere
1293 4873 1438 4947 possent,
1476 4866 1620 4931 honores
1654 4867 1827 4931 ordinatim
1852 4863 1997 4950 petituri

183 4974 305 5054 essent,
330 4975 363 5037 in
386 4975 555 5058 republica
577 4974 726 5040 libertate
749 4993 810 5039 sua
834 4971 954 5038 asuri?

342 5080 392 5145 Ad
426 5080 526 5147 asuri
556 5083 708 5147 nimirum
743 5083 858 5146 essent
888 5081 1029 5156 auditur,
1056 5099 1164 5163 neque
1188 5080 1255 5144 ulla
1279 5099 1363 5162 opus
1387 5088 1437 5146 est
1461 5081 1650 5157 mutatione,
1676 5088 1711 5145 ut
1736 5082 1791 5146 usi
1812 5101 1871 5163 pro
1897 5082 1999 5149 osori·

181 5186 381 5273 (Hoimann).
429 5188 667 5271 Conjunclivus
691 5190 927 5256 sententiarum
951 5187 1160 5253 relativarum
1186 5188 1283 5252 huius
1307 5187 1448 5269 exempli
1477 5188 1663 5269 potentialis
1687 5190 1861 5269 praeteriti,
1896 5206 2003 5268 quem

182 5303 310 5371 vocant,
336 5315 410 5361 esse
434 5297 573 5362 videtur.
