4274 5790
203 246 247 322 to

319 436 443 502 Deinde
467 439 618 519 suspicor
641 436 730 513 illud,
757 436 844 519 quod
869 431 1021 502 Staienus
1045 455 1104 519 pro
1120 446 1198 501 vero
1215 439 1247 500 et
1262 431 1352 501 certo
1369 425 1523 518 posuerit,
1541 422 1650 519 palam
1667 426 1845 501 sententias
1863 422 1966 500 latum

159 543 207 615 iri,
232 543 276 607 ita
299 562 372 609 esse
397 543 637 626 explicandum,
663 550 698 607 ut
720 549 881 626 putemus
906 544 992 608 hauc
1016 562 1085 608 rem
1109 542 1291 626 Oppianico
1316 563 1390 610 cum
1416 543 1550 609 Staieno
1573 544 1778 620 convenisse,
1796 551 1831 609 ut
1848 544 1967 627 Oppia·

159 651 253 714 nicus
285 669 345 733 pro
373 651 448 731 jure
480 656 512 714 et
545 657 705 732 potestate
734 669 795 715 sua
817 657 853 715 ut
875 670 951 717 reus
975 650 1164 733 postularet,
1189 652 1367 716 sententias
1391 650 1500 733 palam
1524 650 1609 716 ferri.
1656 650 1750 731 Quod
1775 653 1907 735 quidem
1931 671 1968 717 re

158 774 236 820 vera
259 755 379 821 factum
404 774 487 832 esse,
512 757 545 820 in
569 757 774 839 paragrapho
798 757 841 822 75
865 758 1059 822 ostenditur:
1085 760 1292 840 consurgitur
1315 760 1348 822 in
1372 759 1556 834 consilium,
1582 778 1682 841 quum
1706 760 1886 823 sententias
1904 757 1967 841 Op·

159 864 317 946 pianicus,
352 883 437 946 quae
471 869 540 927 tum
574 871 644 927 erat
674 870 829 945 potestas,
860 864 968 947 palam
1002 864 1077 930 ferri
1108 865 1192 929 velle
1225 866 1369 942 dixisset,
1399 872 1434 930 ut
1458 864 1611 931 Staienus
1633 866 1718 931 scire
1742 872 1863 949 posset,
1888 866 1967 948 quid

159 972 278 1053 cuique
302 970 485 1035 deberetur.

318 1077 519 1143 Vertendum
552 1078 649 1159 igitur
681 1097 802 1143 censeo
835 1086 982 1144 nostrum
1015 1079 1215 1162 exemplum:
1249 1079 1315 1144 han
1345 1078 1471 1162 hifogar
1493 1079 1582 1144 detta
1605 1077 1715 1144 sasom
1738 1079 1831 1145 beris
1855 1077 1967 1161 derph,

159 1202 204 1247 sc.
230 1201 265 1248 se
289 1183 330 1248 ab
355 1182 537 1266 Oppianico
562 1185 750 1249 destitutum
775 1184 899 1250 nullam
922 1188 1090 1269 accepisse
1114 1187 1298 1269 pecuniam,
1323 1193 1379 1262 att,
1402 1187 1507 1252 ehuru
1530 1187 1596 1252 alla
1619 1186 1724 1252 skulle
1747 1187 1890 1267 (homme
1908 1184 1970 1272 att)

159 1289 277 1372 afgifua
300 1291 373 1355 sina
396 1293 502 1356 rdster
524 1294 631 1374 iippet,
658 1292 723 1356 han
747 1292 832 1357 dock
856 1311 973 1375 genam
998 1295 1049 1357 sin
1072 1297 1142 1358 rdst
1164 1293 1270 1359 skulle
1293 1294 1371 1360 falla
1394 1295 1527 1360 houom.

319 1396 555 1462 Concessivum
589 1398 657 1463 sive
682 1400 790 1480 potius
814 1399 1055 1465 adversativum
1079 1419 1152 1466 esse
1176 1402 1304 1466 videtur
1326 1403 1424 1467 etiam
1448 1402 1528 1467 illud
1552 1421 1671 1487 quum,
1696 1401 1785 1484 quod
1808 1401 1966 1481 conjunc·

87 1562 96 1585 ,
160 1504 244 1567 tivus
271 1501 615 1592 plusquamperfecti
645 1504 702 1569 fut.
736 1507 877 1589 periphr.
912 1507 1089 1573 voluntatis
1122 1515 1154 1573 et
1186 1507 1315 1574 consilii
1338 1509 1370 1572 vi
1393 1508 1560 1591 praeditus
1583 1511 1731 1591 sequitur
1753 1509 1788 1572 in
1811 1527 1857 1572 or.
1883 1506 1968 1571 Phil.

160 1609 199 1673 lll
223 1608 246 1695 ξ
269 1610 326 1674 24:
351 1629 390 1675 ac
415 1629 456 1676 ne
480 1612 551 1676 sine
575 1630 677 1676 causa
700 1613 865 1678 videretur
887 1614 1038 1691 edixisse,
1056 1621 1092 1679 ut
1106 1622 1240 1680 senatus
1255 1616 1394 1693 adesset,
1413 1635 1513 1700 quum
1530 1615 1571 1680 de
1587 1635 1622 1680 re
1638 1615 1770 1699 publica
1788 1611 1971 1679 relaturus

147 1713 291 1804 suisset,
316 1717 425 1781 adlato
451 1719 565 1783 nuntio
590 1718 631 1783 de
655 1719 782 1802 legione
806 1727 922 1802 quarta
945 1727 1053 1787 mente
1077 1724 1229 1799 concidit,
1255 1729 1287 1788 et
1310 1722 1420 1806 lugere
1444 1722 1603 1788 festinans
1626 1721 1967 1787 senatusconsultum

160 1824 200 1888 de
225 1824 463 1906 supplicatione
487 1845 546 1907 per
569 1827 806 1891 discessionem
828 1826 913 1905 fecit,
939 1848 1040 1912 quum
1064 1829 1096 1893 id
1120 1828 1242 1894 factum
1266 1838 1354 1894 esset
1375 1836 1473 1896 antea
1497 1848 1685 1914 numquam.

319 1930 354 1995 ln
387 1931 450 1996 hoc
484 1951 534 1997 ex.
568 1933 696 1998 videtur
728 1935 902 1999 sententia:
936 1955 1046 2021 quum
1080 1932 1124 2000 de
1156 1932 1337 2022 republica
1363 1932 1542 2002 relaturus
1553 1935 1690 2024 suisset
1711 1937 1833 2019 opponi
1857 1935 1970 2000 verbis

160 2038 387 2120 sequentibus:
413 2043 554 2104 senatus
578 2037 774 2106 consultum
799 2038 843 2106 de
865 2039 1118 2127 supplicatione
1136 2062 1206 2129 per
1227 2040 1474 2109 discessionem
1485 2041 1586 2132 serit.

350 2235 385 2299 ll.
434 2235 479 2299 Ex
503 2237 699 2302 condicione
723 2237 834 2322 aliqua
856 2239 977 2321 pendet
1000 2240 1043 2312 id,
1068 2240 1156 2323 quod
1180 2241 1369 2306 enuntiatur
1391 2241 1554 2305 sententia
1577 2239 1778 2304 concessiva.

864 2388 995 2457 Genus
1018 2391 1264 2477 objectivum.

320 2510 414 2594 Conj.
442 2509 786 2602 plusquamperfect
817 2514 872 2580 fut.
899 2517 1040 2599 periphr.
1064 2517 1268 2600 particulam,
1293 2536 1378 2600 quae
1401 2524 1452 2581 est
1474 2536 1593 2602 quum,
1618 2535 1685 2580 uno
1709 2514 1784 2579 loco
1807 2515 1968 2596 sequitur,

160 2619 193 2681 in
217 2639 282 2702 quo
306 2622 468 2686 sententia
491 2623 684 2686 concessiva
707 2624 843 2705 eiusque
867 2625 1007 2706 protasis
1022 2625 1233 2708 hypothetica
1249 2626 1282 2690 in
1299 2626 1480 2690 orationem
1497 2630 1621 2689 rectam
1637 2630 1669 2688 et
1685 2643 1752 2688 uon
1769 2622 1968 2704 pendentem

160 2735 303 2795 mutatae
328 2729 467 2794 formam
490 2731 654 2811 accipiant
677 2730 802 2812 periodi
826 2730 1056 2813 hypotheticae
1080 2733 1151 2797 eius
1175 2734 1313 2814 generis,
1338 2732 1426 2815 quod
1450 2731 1649 2813 objectivum
1673 2735 1802 2794 vocant.
1851 2727 1908 2791 Est

319 2836 408 2900 Fam.
443 2836 524 2912 Xlll,
561 2836 611 2913 10,
636 2836 671 2900 3:
705 2837 819 2902 videor
841 2838 930 2914 mihi,
956 2858 1057 2921 quum
1081 2841 1256 2921 separatim
1281 2840 1322 2904 de
1345 2838 1506 2922 probitate
1531 2840 1602 2905 eius
1626 2834 1783 2902 dicturus
1795 2832 1967 2923 scissem,

159 2943 187 3007 si
211 2944 301 3025 prius
325 2963 459 3008 causam
484 2963 543 3008 cur
565 2962 641 3008 eum
665 2943 832 3025 diligerem
856 2944 913 3008 tibi
937 2946 1173 3027 exposuissem,
1207 2947 1240 3010 in
1264 2947 1337 3029 ipsa
1360 2965 1462 3011 causa
1484 2945 1680 3029 exponenda
1702 2944 1783 3008 satis
1807 2945 1905 3008 etiam
1926 2943 1966 3007 de

159 3050 320 3132 probitate
345 3051 475 3116 dixisse.

320 3156 354 3222 Si
387 3159 528 3240 primum
561 3157 697 3223 verbum
730 3177 845 3241 regens
879 3159 1058 3224 omittimus
1082 3166 1180 3244 atque
1203 3159 1292 3225 illam
1316 3161 1544 3226 concessivam
1567 3159 1728 3224 rationem
1752 3157 1965 3238 exprimimus

159 3266 287 3331 duabus
319 3267 489 3331 sententiis
521 3267 692 3349 primariis,
727 3266 789 3331 hoc
824 3267 922 3331 modo
950 3285 1023 3332 sese
1048 3268 1182 3333 habebit
1205 3275 1352 3333 nostrum
1377 3267 1577 3349 exemplum:
1602 3261 1795 3350 separatim
1823 3257 1968 3346 quidem

160 3374 204 3442 de
221 3372 397 3461 probitate
420 3373 493 3440 cius
517 3373 673 3440 dicturus
684 3371 759 3460 fui,
784 3371 817 3438 si
834 3371 937 3458 prius
961 3392 1107 3439 causam
1132 3411 1171 3421 —
1198 3373 1447 3459 exposuissem,
1472 3370 1536 3438 sed
1560 3371 1594 3437 in
1619 3391 1728 3437 causa
1752 3365 1968 3454 reponenda

158 3482 243 3550 satis
267 3481 371 3548 etiam
395 3480 440 3547 de
460 3478 632 3567 probitate
656 3479 742 3546 mini
765 3478 887 3547 uidcor
910 3477 1051 3546 dimisse.
1100 3480 1224 3547 Deinde
1247 3488 1355 3565 potest
1377 3480 1532 3563 periodus
1557 3479 1780 3561 hypothetica:
1808 3473 1968 3541 dicturus

146 3587 221 3676 sui,
246 3588 278 3656 si
299 3587 538 3675 exposuissem
561 3591 606 3670 (in
631 3607 696 3672 qua
720 3586 961 3673 reposuissem
984 3590 1070 3670 conj.
1096 3607 1142 3653 or.
1168 3589 1321 3673 obliquae
1338 3587 1399 3675 est)
1416 3588 1449 3650 in
1466 3587 1613 3651 oratione
1630 3593 1721 3651 recta
1737 3585 1813 3648 huic
1830 3584 1969 3666 periodo

158 3699 358 3781 respondere
382 3699 502 3780 putari:
529 3692 656 3773 dicam,
681 3693 712 3760 si
730 3694 831 3780 prius
855 3714 1059 3780 reposuero.

319 3804 412 3888 Couj.
445 3801 757 3887 plusquamperfecti
790 3800 846 3866 fut.
878 3803 1030 3884 periphr.:
1066 3799 1223 3868 dicturus
1255 3800 1401 3880 fuissem
1434 3801 1574 3882 scriptus
1606 3799 1734 3864 videtur
1766 3816 1839 3863 esse
1868 3804 1904 3861 ut
1926 3798 1969 3861 ad

159 3913 368 3995 praeteritum
392 3911 556 3976 infinitivi:
582 3907 716 3983 dimisse
738 3909 860 3974 relatus
885 3928 992 3992 neque
1017 3929 1063 3974 or.
1088 3917 1178 3975 recta
1201 3917 1267 3974 tam
1292 3905 1447 3974 dicturus
1462 3904 1606 3986 fueram
1624 3926 1722 3989 quam
1741 3901 1973 3989 dicturussui

158 4019 367 4101 respondere.
415 4018 497 4083 Nam
531 4019 594 4083 hoc
628 4017 690 4082 sibi
723 4016 838 4082 Cicero
871 4017 979 4081 dicere
1012 4016 1096 4081 vult:
1131 4017 1277 4081 dicturus
1311 4016 1442 4100 quidem
1475 4013 1520 4079 fui
1544 4016 1564 4078 i.
1590 4034 1617 4079 e.
1643 4015 1677 4077 in
1700 4014 1811 4077 animo
1834 4011 1968 4095 quidem

160 4126 259 4191 habui
292 4126 400 4191 dicere
433 4126 609 4208 separatim
642 4124 682 4190 de
716 4125 787 4190 eius
820 4122 991 4206 probitate,
1020 4125 1078 4188 sed
1103 4144 1178 4188 cum
1207 4124 1319 4187 videar
1351 4122 1430 4186 mihi
1465 4123 1544 4185 satis
1569 4121 1690 4186 dixisse
1714 4122 1748 4184 in
1771 4121 1843 4201 ipsa
1866 4136 1970 4182 causa

159 4233 355 4314 exponenda
386 4232 427 4296 de
460 4232 630 4314 probitate,
665 4232 729 4296 boc
762 4230 935 4295 consilium
970 4226 1104 4312 abjicio.
1163 4231 1276 4313 Neque
1303 4229 1388 4305 inde,
1414 4231 1503 4312 quod
1526 4246 1588 4292 nos
1611 4247 1671 4310 pro
1695 4226 1827 4308 propria
1850 4224 1969 4306 signifi-

159 4341 288 4404 catione
320 4340 492 4404 vertimus:
523 4339 580 4422 jag
609 4335 703 4404 bade
726 4337 827 4415 tiinlrt,
861 4341 963 4413 tirnat,
989 4345 1039 4402 est
1061 4338 1290 4421 colligendum,
1316 4337 1369 4401 hic
1392 4336 1433 4400 de
1457 4354 1535 4400 vero
1559 4333 1880 4417 plusquamperfecto
1904 4333 1967 4414 agi.

158 4445 312 4511 Nostrum
337 4448 424 4511 enim
449 4445 805 4529 plusquamperfectum
830 4444 883 4509 hic
906 4446 1133 4510 tautummodo
1157 4445 1199 4510 ad
1223 4445 1397 4510 consilium
1421 4445 1577 4508 omissum
1596 4439 1808 4506 indicandum
1828 4440 1970 4522 pertinet

159 4572 266 4637 neque
289 4573 401 4619 veram
417 4549 590 4639 'temporis
612 4554 678 4618 vim
702 4552 811 4618 habet.

908 4701 1038 4769 Genus
1066 4705 1220 4770 irreale.

319 4830 411 4916 Conj.
446 4829 642 4920 imperfecti
671 4829 727 4894 fut.
753 4830 894 4912 periphr.
920 4830 1123 4913 particulam,
1149 4845 1233 4911 quae
1257 4832 1306 4890 est
1329 4846 1449 4911 quum,
1474 4825 1621 4907 sequitur

318 4940 378 5021 Qu.
404 4940 440 5004 fr.
466 4940 503 5017 ll,
530 4940 579 5015 14,
605 4939 639 5002 2:
664 4939 701 5013 si,
727 4937 770 5001 mi
795 4937 922 5018 Quinte,
947 4956 1049 5020 parva
1071 4936 1182 5018 aliqua
1198 4953 1250 4999 res
1266 4941 1362 5010 esset,
1380 4935 1413 4996 in
1433 4952 1497 5014 qua
1512 4933 1726 5006 sciscitarere,
1741 4929 1821 5011 quid
1837 4928 1966 5004 vellem,

159 5057 278 5125 tamen,
313 5067 414 5131 quum
447 5047 504 5110 tibi
537 5043 775 5130 permissurus
808 5063 928 5125 essem,
960 5051 995 5108 ut
1018 5043 1153 5119 faceres,
1179 5042 1266 5125 quod
1290 5041 1402 5117 velles,
1426 5058 1486 5122 ego
1511 5041 1581 5121 ipse
1606 5040 1682 5122 quid
1706 5037 1834 5113 vellem,
1860 5042 1967 5101 osten-

160 5157 285 5235 derem;
310 5155 366 5219 ubi
386 5151 627 5238 permissurus
651 5171 762 5219 essem
785 5170 845 5234 pro
867 5149 1104 5235 permitterem
1128 5157 1163 5215 ut
1186 5147 1425 5215 condicionalis
1448 5146 1460 5210 l
1483 5149 1626 5229 positum
1650 5164 1723 5210 esse
1747 5147 1883 5210 videtur.

319 5263 465 5327 Alterum
498 5267 548 5326 est
580 5279 641 5337 ex,
675 5261 708 5324 iu
743 5277 809 5342 quo
837 5260 923 5340 coni
949 5257 1130 5340 imperfecti
1154 5256 1209 5321 fut.
1234 5255 1359 5338 periph.
1386 5253 1577 5336 particulam
1603 5253 1829 5317 concessivam
1855 5270 1965 5334 quum
