4320 5796
1909 261 1951 325 aa

353 415 586 482 Satislacturus
611 417 656 481 sis
680 437 713 481 a:
739 424 874 481 coactus
899 417 944 480 sis
968 415 1180 481 satisfacere?

351 524 419 588 Etsi
441 522 572 590 difficile
596 530 645 590 est
669 528 821 598 statuere,
847 543 945 604 quam
969 523 1240 605 significationem
1265 519 1513 609 satisfacturus
1536 519 1583 586 sis
1607 522 1709 586 addas
1737 524 1894 603 oporteat,
1920 537 1996 601 quo·

191 628 278 692 niam
311 630 383 711 ipsa
407 649 468 706 res,
500 631 541 696 de
565 650 630 715 qua
654 630 706 694 hic
731 631 844 712 agitur,
869 650 1004 712 prorsus
1028 631 1138 712 ignota
1161 636 1210 694 est
1235 629 1442 711 tenebrisque
1467 629 1618 704 obducta,
1643 636 1753 692 tamen
1777 627 1856 691 mibi
1880 644 1996 689 sensus

188 734 357 817 postulare
390 737 526 814 videtur,
561 743 596 801 ut
628 743 784 802 vertatur:
815 741 852 801 ar
883 737 1063 813 nddsakad,
1097 735 1199 801 miste
1234 735 1476 801 tillfredsstitlla.
1532 736 1715 818 Tantopere
1744 735 1832 799 enim
1855 735 1939 796 inter
1961 750 1996 796 se

189 849 402 925 opponuntur
428 843 672 909 »satisfacturus
696 845 761 908 sis»
787 851 819 908 et
846 863 925 927 »ego
949 851 1119 926 acceptam
1143 862 1182 907 ex
1206 843 1334 907 aerario
1358 844 1531 924 pecuniam
1555 849 1612 906 tuo
1636 843 1768 906 nomine
1793 840 1911 905 frustra
1935 840 1996 903 dis·

187 949 357 1031 siparim»,
382 959 418 1015 ut
440 952 503 1016 hoc
528 952 661 1016 alterius
685 969 787 1015 causa
810 969 883 1016 esse
906 952 1056 1015 videatur
1078 950 1283 1032 alterumque
1307 969 1428 1015 creare.

353 1071 449 1158 Coaj.
470 1073 564 1163 pers.
577 1073 651 1161 sut.
672 1073 832 1161 periphr.
857 1077 919 1142 hac
943 1079 975 1142 vi
998 1077 1135 1160 praediti
1159 1076 1344 1157 exemplum
1369 1074 1472 1138 babes

350 1181 391 1246 de
408 1181 544 1248 Oratore
564 1188 576 1246 l
596 1182 619 1268 ξ
639 1184 717 1248 239:
744 1203 866 1267 quaero
890 1187 995 1266 igitur,
1021 1184 1098 1268 quid
1123 1184 1283 1265 adjuverit
1305 1188 1466 1246 oratorem
1492 1182 1524 1245 in
1550 1182 1599 1245 bis
1623 1181 1731 1245 causis
1749 1180 1832 1261 juris
1849 1180 1994 1253 scientia,

185 1307 291 1372 quum
324 1288 377 1354 hic
406 1289 490 1371 juris
524 1291 694 1355 consultus
718 1294 867 1374 superior
878 1290 998 1379 fucrit
1021 1289 1247 1362 discessurus,
1271 1291 1326 1373 qui
1351 1296 1437 1354 esset
1460 1308 1526 1353 non
1550 1308 1610 1353 suo
1635 1288 1781 1362 artificia,
1806 1286 1863 1350 sed
1888 1285 1995 1350 alieno

186 1432 229 1443 -
254 1401 464 1461 sustentatus.

349 1502 385 1567 ln
410 1502 515 1568 forma
538 1505 774 1586 periphrastica
797 1504 976 1589 perfectum
989 1503 1109 1594 fucrit
1129 1504 1209 1588 peri.
1235 1505 1331 1586 logici
1354 1505 1420 1568 vim
1443 1503 1554 1568 habet:
1580 1502 1641 1566 har
1662 1501 1754 1578 varit,
1778 1497 1996 1565 discessurus

186 1614 297 1674 autem
329 1611 460 1692 proprie
492 1611 665 1693 significat:
700 1613 896 1677 constitutus
928 1619 963 1677 ut
994 1613 1185 1679 discederet.
1241 1611 1375 1694 Proprie
1407 1611 1591 1692 igiturest:
1624 1611 1819 1673 constitutus
1843 1607 1939 1672 luerit
1961 1614 1997 1670 ut

184 1714 369 1781 discederet
402 1735 447 1781 sc.
477 1724 609 1799 propter
636 1719 879 1800 ambiguitatem
899 1721 984 1803 juris
1008 1721 1124 1785 harum
1150 1738 1334 1784 causarum.
1381 1717 1451 1782 Hoc
1476 1723 1598 1780 autem:
1624 1717 1819 1780 constitutus
1843 1714 1938 1778 tuerit
1961 1720 1996 1777 ut

185 1822 371 1888 discederet
402 1830 534 1906 propter
567 1825 630 1889 loci
655 1828 848 1891 sententiam
874 1846 947 1892 eam
971 1829 1036 1892 vim
1061 1828 1168 1903 babet,
1194 1833 1229 1891 ut
1252 1827 1339 1891 idem
1364 1825 1430 1890 lere
1454 1825 1496 1888 sit
1519 1844 1571 1888 ac:
1598 1841 1733 1887 necesse
1758 1822 1853 1887 luerit
1876 1827 1911 1885 ut
1934 1822 1995 1885 dis·

187 1928 327 1996 cederet.

346 2038 490 2102 Tertium
514 2046 564 2104 est
587 2058 647 2116 ex,
673 2041 761 2124 quod
785 2042 873 2107 haud
898 2044 967 2108 scio
991 2061 1034 2107 an
1058 2042 1122 2106 huc
1146 2040 1352 2105 referendum
1376 2041 1431 2104 sit:

347 2145 440 2227 Legg.
465 2146 492 2210 ll
515 2145 537 2232 ξ
561 2145 617 2211 25:
643 2166 797 2212 auream
822 2147 879 2234 (sc.
904 2147 1140 2234 paupertatem)
1165 2155 1297 2230 sumptu
1320 2148 1362 2212 ad
1386 2166 1480 2212 sacra
1504 2146 1614 2210 addito
1643 2146 1778 2209 deorum
1803 2144 1892 2207 aditu
1908 2161 1994 2206 arce-

188 2250 304 2314 amus?
335 2254 527 2333 praesertim
552 2273 655 2336 quum
685 2256 746 2337 ipsi
770 2256 832 2321 deo
857 2256 937 2321 nibil
962 2258 1071 2321 minus
1094 2262 1220 2338 gratum
1234 2252 1404 2343 futurum
1428 2252 1471 2319 sit
1494 2271 1593 2337 quam
1617 2271 1683 2316 non
1707 2250 1859 2314 omnibus
1883 2258 1994 2332 patere

184 2355 229 2420 ad
262 2376 299 2422 se
332 2358 530 2441 placandum
554 2369 587 2425 et
610 2362 785 2427 colendum
808 2365 905 2428 viam.
952 2364 1039 2428 Nihil
1064 2365 1171 2428 minus
1193 2370 1320 2444 gratum
1343 2361 1487 2427 futurum
1511 2362 1552 2426 sit
1576 2381 1608 2425 o:
1633 2359 1712 2422 nibil
1738 2359 1845 2422 minus
1867 2364 1993 2439 gratum

182 2480 260 2528 esse
283 2472 434 2547 oporteat
456 2466 476 2531 l.
502 2467 629 2533 debeat.

347 2574 442 2638 Ratio
467 2575 500 2638 in
525 2581 640 2640 natura
664 2578 768 2658 ipsius
792 2578 839 2641 rei
862 2578 1009 2659 (arcendi
1033 2579 1183 2643 homines
1206 2595 1227 2641 a
1250 2576 1339 2642 cultu
1364 2574 1512 2660 deorum)
1536 2575 1651 2658 posita.

293 2696 313 2761 b
330 2695 358 2782 β)
382 2697 514 2782 Aliquid
537 2706 573 2764 ut
596 2700 687 2765 fieret
711 2703 893 2783 exspectari
918 2704 1063 2783 potuisse
1081 2701 1264 2784 significare
1281 2703 1409 2767 videtur
1425 2702 1654 2784 conjunctivus
1670 2698 1758 2781 impl.
1776 2697 1831 2762 fut.
1851 2697 1991 2779 periphr.

347 2804 435 2869 Fam.
461 2806 527 2884 VH,
553 2807 583 2881 2,
608 2808 643 2872 3:
668 2807 722 2874 ille
746 2808 916 2897 (Clodius),
942 2831 1042 2894 quum
1067 2811 1174 2875 omnis
1197 2830 1249 2876 res
1273 2809 1405 2892 publica
1429 2810 1462 2873 in
1485 2827 1559 2873 meo
1583 2809 1689 2890 capite
1714 2807 1889 2871 discrimen
1907 2811 1993 2869 esset

180 2907 346 2987 habitura,
370 2931 525 2994 magnum
550 2915 705 2997 quiddam
730 2919 890 2999 spectavit
913 2938 958 2983 sc.
986 2938 1087 3001 quum
1111 2937 1163 2982 me
1187 2918 1328 3001 ejiceret.

292 3035 323 3124 c)
348 3037 518 3121 Objectiva
541 3038 640 3104 futuri
663 3044 819 3124 temporis
844 3044 950 3107 visin
974 3043 1079 3107 torma
1102 3043 1338 3125 periphrastica
1362 3042 1455 3105 inest.

345 3145 421 3210 Tria
453 3146 505 3210 hic
530 3147 759 3229 distinguenda
783 3156 859 3213 sunt
882 3150 1107 3232 exemplorum
1131 3169 1261 3232 genera.
1310 3148 1547 3229 ConJunctivus
1571 3147 1626 3212 fut.
1650 3147 1790 3229 periphr.
1816 3147 1993 3229 respondet

183 3250 274 3313 anim
289 3254 311 3333 ¹)
344 3250 374 3337 1)
399 3253 575 3318 indicativo
599 3256 781 3336 praesentis
805 3255 860 3319 lut.
885 3256 1026 3339 periphr.
1052 3254 1084 3341 2)
1109 3256 1217 3320 tuturo
1241 3257 1381 3339 simplici
1404 3256 1437 3336 3)
1460 3256 1588 3337 utrique
1612 3255 1750 3336 tempori
1774 3261 1806 3318 et
1829 3254 1992 3336 praesenti

183 3354 242 3420 fut.
266 3360 407 3442 peripbr.
434 3368 464 3425 et
488 3360 597 3427 futuro
622 3362 772 3445 simplici.

347 3465 377 3553 1)
400 3468 438 3532 N.
464 3468 500 3533 D.
527 3469 566 3533 ΙΙΙ
590 3469 612 3556 ξ
638 3471 691 3534 14:
718 3472 795 3554 quid
819 3473 916 3554 igitur
934 3474 1028 3555 juvat
1051 3481 1107 3538 ant
1130 3473 1207 3557 quid
1232 3472 1324 3537 allent
1340 3471 1381 3535 ad
1399 3470 1581 3535 cavendum
1598 3469 1682 3533 scire
1698 3468 1820 3552 aliquid
1838 3468 1989 3545 futurum,

184 3590 286 3656 quum
310 3573 343 3636 id
366 3581 454 3639 certe
468 3571 641 3661 saturum
665 3576 717 3643 sit.
1304 3586 1306 3590 ’
1433 3647 1438 3657 .

344 3680 406 3761 Qui
430 3683 512 3747 baec
536 3684 636 3748 verba
660 3704 726 3749 una
750 3706 825 3751 cum
850 3688 898 3764 iis,
925 3689 1066 3770 quaein
1091 3689 1154 3752 hac
1178 3686 1382 3770 paragrapho
1406 3683 1616 3767 praecedunt,
1634 3683 1718 3764 legit,
1738 3684 1766 3748 ei
1785 3682 1854 3747 sole
1871 3682 1991 3747 clarius

181 3787 253 3861 erit,
288 3788 533 3868 conjunctivum
555 3789 725 3877 jutarum
759 3791 803 3857 sit
834 3794 867 3858 in
900 3796 1062 3859 sententia
1097 3795 1311 3860 indicativum
1344 3793 1478 3858 modum
1512 3791 1697 3873 postulante
1735 3792 1894 3856 »laturum
1919 3797 1987 3856 est»

180 3894 383 3976 respondere
408 3903 440 3960 et
462 3897 658 3980 obJectivam
683 3898 782 3964 futuri
806 3903 963 3983 temporis
987 3903 1052 3966 vim
1078 3902 1209 3967 habere.

342 4002 431 4067 Fam.
458 4004 508 4080 ΙΙΙ,
535 4006 585 4080 12,
611 4006 644 4069 2:
671 4026 737 4071 non
761 4026 884 4086 vereor,
909 4028 949 4074 ne
974 4016 1008 4073 tu
1032 4027 1148 4091 parum
1172 4009 1351 4091 perspicias
1375 4027 1423 4084 ea,
1449 4025 1533 4091 quae
1557 4013 1648 4088 gesta
1671 4012 1756 4083 sunt,
1774 4004 1815 4069 ab
1833 4004 1905 4069 aliis
1917 4023 1990 4069 esse

176 4113 282 4190 gesta,
317 4110 436 4193 quibus
469 4131 529 4194 ego
562 4113 607 4177 ita
641 4115 842 4191 mandaram,
878 4122 921 4192 ut,
948 4136 1049 4199 quum
1073 4122 1139 4181 tam
1163 4117 1259 4198 louge
1284 4112 1448 4202 afuturus
1469 4133 1592 4191 assem,
1617 4114 1658 4178 ad
1682 4132 1734 4178 me
1758 4132 1799 4178 ne
1823 4112 1989 4186 referrent,

176 4222 325 4298 agerent,
350 4218 438 4299 quod
463 4218 669 4299 probassent.

341 4323 377 4387 ln
411 4324 474 4389 hoc
507 4344 556 4390 ex.
592 4326 732 4392 dubitari
757 4328 851 4405 licet,
887 4335 996 4393 utrum
1029 4330 1191 4411 objective
1224 4332 1367 4413 positum
1400 4330 1542 4395 futurum
1567 4331 1708 4412 periphr.
1733 4347 1776 4393 an
1800 4329 1840 4393 de
1865 4329 1990 4392 ratione

175 4429 390 4510 cogitandum
424 4433 473 4508 sit,
508 4452 573 4515 qua
606 4453 640 4498 re
674 4434 817 4499 futurum
851 4438 900 4500 sit.
948 4438 1044 4502 Ratio
1069 4439 1221 4502 nimirum
1246 4440 1279 4502 in
1303 4457 1342 4502 eo
1367 4439 1482 4519 posita,
1507 4418 1594 4521 quod
1620 4437 1770 4502 Ciceroni
1793 4436 1907 4501 Cilicia
1931 4455 1990 4519 pro

174 4536 318 4602 consule
351 4539 493 4620 regenda
527 4539 694 4623 obtigerat.
743 4541 777 4606 Si
807 4543 968 4625 objective
993 4548 1135 4628 positum
1160 4547 1319 4627 accipitur
1341 4543 1485 4609 futurum
1507 4545 1659 4628 periphr.,
1684 4545 1860 4609 indicativo
1884 4563 1988 4625 praes.

174 4644 238 4709 lut.
273 4645 424 4727 periphr.,
459 4666 525 4711 non
561 4648 669 4713 tuturo
703 4650 844 4732 simplici
872 4652 906 4714 in
931 4655 1078 4717 oratione
1103 4671 1170 4716 non
1192 4653 1355 4734 pendente
1379 4653 1564 4735 respondet.
1612 4651 1665 4718 Or.
1691 4659 1780 4716 recta
1804 4651 1867 4716 hoc
1891 4652 1989 4716 modo

172 4768 254 4816 sese
278 4751 389 4816 habet:
404 4738 525 4837 ‘quum
549 4758 621 4819 tam
646 4752 751 4839 tonpc
775 4754 940 4838 afuturus
964 4757 1038 4834 sim,
1065 4755 1114 4822 act
1139 4779 1193 4824 mc
1217 4778 1261 4823 nc
1284 4756 1480 4837 retuleritis
1507 4761 1563 4826 ubi
1588 4767 1680 4843 part,
1704 4778 1788 4844 quae
1806 4767 1853 4824 est
1869 4780 1989 4844 quum,

173 4859 268 4924 haud
300 4860 370 4924 scio
403 4879 445 4923 an
478 4861 624 4927 adhibita
647 4865 689 4926 sit
712 4884 771 4946 pro
797 4863 975 4948 quoniam,
1001 4884 1063 4948 qua
1089 4884 1149 4947 pro
1173 4887 1285 4951 quum
1309 4874 1389 4949 part.
1415 4869 1522 4949 posita
1545 4875 1627 4932 sent.
1653 4867 1795 4932 causalis
1820 4868 1904 4930 hanc
1929 4865 1989 4930 tor-

173 4983 268 5032 mam
301 4967 450 5048 accipere
484 4968 596 5033 debet:
631 4969 799 5055 quoniam
824 4970 989 5049 afuturus
1012 4991 1100 5052 sum,
1128 4993 1208 5037 oon:
1235 4970 1352 5052 ubera,
1379 4995 1453 5040 nam
1479 4976 1521 5051 id,
1547 4976 1634 5062 quod
1659 4977 1805 5045 continet
1828 4975 1990 5039 sententia

172 5072 331 5149 causalis,
357 5092 474 5154 perse
498 5078 686 5142 enuntiatur
709 5096 729 5141 a
754 5085 900 5160 tempore
925 5081 1089 5160 praesenti
1113 5087 1305 5161 spectatum.

176 5235 448 5246 ,n———n—

341 5288 362 5350 ¹)
383 5287 435 5343 cn.
458 5287 539 5356 prael.
