4320 5796
1897 268 1940 333 55

504 440 526 504 Ι.
575 439 744 505 Sententia
767 459 787 505 a
810 439 897 525 quin
920 442 1082 524 incipiens
1105 442 1186 506 nulli
1211 442 1354 507 obnoxia
1377 449 1427 507 est
1450 442 1647 508 condicioni.

336 563 470 646 Septem
493 570 526 629 et
548 565 661 646 viginti
684 565 834 647 exempla
857 566 922 630 huc
945 566 1117 631 referenda
1140 572 1225 642 sunt,
1257 585 1397 649 quorum
1421 567 1642 649 duodeviginti
1666 568 1827 633 eiusmodi
1850 577 1935 647 sunt,
1952 572 1985 634 in

178 690 316 754 quorum
351 670 455 735 forma
487 671 724 753 periphrastica
757 690 835 737 vera
868 671 966 737 futuri
998 673 1155 754 temporis
1178 674 1228 736 vis
1259 674 1350 752 insit;
1384 693 1485 738 unum
1511 674 1697 756 exemplum
1721 675 1898 741 voluntatis
1920 678 1986 741 vim

176 783 287 860 aperte
310 796 389 860 prae
413 797 449 842 se
472 777 547 856 fert;
573 784 698 861 septem
723 778 804 844 locis
829 778 964 843 dubium
989 786 1047 855 est,
1073 785 1181 844 utrum
1206 779 1349 844 futurum
1374 781 1648 862 periphrasticum
1672 781 1833 863 objectiva
1857 789 1987 866 tempus

176 883 321 950 futurum
354 903 397 949 an
430 885 605 949 consilium
638 892 670 950 et
699 885 901 951 voluntatem
925 887 1065 952 alicuius
1088 886 1262 969 significem
1287 887 1320 951 in
1344 904 1394 962 eo,
1421 887 1508 969 quod
1533 893 1642 963 restat,
1668 889 1829 972 exemplo,
1855 890 1988 972 quoda

176 989 356 1057 locutione:
392 1011 478 1057 num
509 989 598 1076 quid
630 1011 760 1057 causae
792 996 843 1058 331
864 994 993 1076 pendet,
1028 996 1173 1059 incertus
1197 1013 1280 1069 sum,
1305 1011 1429 1058 meram
1455 993 1553 1058 futuri
1576 997 1733 1077 temporis
1757 1015 1799 1061 an
1824 996 1987 1062 facultatis

176 1104 208 1162 et
230 1100 401 1181 potestatis
425 1099 697 1181 significationem
722 1119 866 1164 cernam.

284 1207 315 1287 1)
341 1205 500 1270 Futurum
523 1206 804 1296 periphrasticum
826 1207 988 1289 objectiva
1012 1207 1173 1289 significat
1197 1207 1321 1291 aliquid
1345 1226 1418 1272 esse
1442 1207 1596 1272 futurum.

335 1310 573 1395 conjunctivus
591 1311 790 1396 praesentis
812 1313 912 1379 futuri
936 1315 1163 1397 periphrastici
1187 1315 1249 1379 hac
1273 1316 1305 1378 vi
1328 1314 1495 1396 praeditus
1519 1315 1635 1397 legitur

336 1418 400 1483 nu.
426 1418 492 1495 Vll,
517 1419 547 1495 3,
573 1420 608 1483 2:
633 1421 692 1485 sed
716 1439 757 1485 ne
781 1420 951 1495 dubitaris,
977 1422 1065 1503 quin,
1091 1421 1179 1503 quod
1203 1421 1374 1486 honestius
1399 1422 1430 1485 id
1455 1422 1533 1485 mihi
1546 1417 1719 1507 futurum
1743 1421 1789 1487 sit
1809 1426 1984 1507 antiquius.

178 1522 301 1608 Hoppe,
335 1546 376 1590 zu
410 1526 474 1590 den
507 1526 612 1608 Frgm.
639 1534 700 1591 etc.
726 1545 797 1608 pag.
824 1527 1011 1604 22,131111;
1047 1527 1119 1594 soll.
1167 1526 1232 1592 Sed
1258 1528 1335 1591 mihi
1361 1534 1509 1610 apertum
1533 1546 1607 1593 esse
1630 1528 1767 1605 videtur,
1794 1536 1828 1594 ut
1852 1533 1987 1595 omnino

178 1631 209 1695 in
241 1632 292 1697 his
325 1631 407 1696 locis
439 1639 515 1714 post
547 1652 615 1697 non
648 1632 771 1710 dubito,
806 1633 942 1698 dubium
972 1653 1039 1697 non
1063 1640 1122 1708 est,
1147 1635 1195 1698 sic
1218 1633 1282 1699 hoc
1307 1653 1439 1718 quoque
1464 1634 1538 1699 loco
1562 1635 1603 1700 de
1626 1637 1673 1700 rei
1698 1635 1825 1702 suturae
1849 1638 1987 1702 alicuius

177 1740 319 1816 veritate,
345 1758 411 1803 non
435 1743 641 1814 necessitate¹
656 1740 715 1822 agi.
764 1740 858 1820 Quod
882 1741 910 1804 si
934 1759 1000 1804 non
1024 1748 1120 1816 esset,
1146 1741 1262 1805 eodem
1283 1741 1357 1823 jure
1381 1759 1534 1806 cerneres
1559 1743 1764 1808 necessitatis
1787 1745 1852 1809 rim

335 1845 425 1910 Fam.
450 1845 502 1922 ΙΙΙ,
529 1845 579 1922 10,
604 1845 640 1910 3:
666 1846 763 1928 plane
787 1846 936 1911 dubitare
957 1865 1023 1911 non
1041 1866 1185 1928 possum,
1204 1849 1283 1930 quin
1301 1848 1359 1912 tibi
1378 1849 1560 1930 amplitudo
1576 1851 1639 1914 ista
1655 1849 1841 1916 sollicitudo
1853 1848 1988 1937 sutura

176 1949 234 2036 sia·
257 1952 314 2017 ubi
337 1959 448 2018 tamen
473 1953 588 2035 Hoppe
613 1973 762 2036 quoque:
788 1954 878 2018 wird.

333 2059 398 2124 Att.
423 2059 504 2137 Vlll,
530 2058 580 2137 15,
606 2061 639 2124 2:
666 2061 705 2125 de
729 2061 851 2143 Lepido
876 2067 908 2125 et
930 2061 1025 2125 Tullo
1050 2061 1137 2143 quod
1162 2061 1302 2144 quaeris,
1327 2060 1373 2125 illi
1394 2079 1472 2126 vero
1489 2081 1556 2127 non
1573 2063 1732 2142 dubitant,
1757 2064 1836 2148 quin
1854 2063 1988 2129 Caesari

174 2173 307 2247 praesto
320 2164 447 2254 futuri
468 2168 501 2231 in
525 2175 742 2249 senatumque
768 2166 906 2234 uenturi
927 2166 1003 2233 sint.

335 2272 399 2337 Att.
424 2272 478 2350 ΙΙΙ,
503 2273 522 2337 7
548 2272 609 2337 Α2
634 2272 794 2361 (Β3111113);
820 2281 852 2339 31
869 2276 932 2341 hoc
951 2293 1018 2338 non
1035 2274 1223 2339 dubitamus
1239 2275 1317 2357 quin
1335 2273 1457 2339 Caesar
1473 2295 1532 2358 pro
1549 2296 1610 2341 sua
1627 2277 1828 2341 humanitate
1847 2279 1987 2342 maxime

169 2377 221 2444 sit
242 2375 468 2464 probaturus.

334 2486 398 2550 Att.
423 2486 476 2563 IX,
504 2486 555 2564 10,
580 2487 600 2551 8
623 2487 727 2569 (Α11.);
753 2489 878 2552 interea
901 2507 968 2552 non
993 2489 1116 2565 dubito,
1144 2489 1223 2573 quin
1245 2489 1279 2553 in
1304 2487 1480 2553 Formiano
1506 2508 1696 2556 mansurus
1719 2487 1776 2554 sis.

334 2592 397 2657 Att.
423 2593 463 2670 X,
491 2593 540 2669 10,
566 2590 770 2680 alriniunt:
796 2613 864 2659 non
888 2595 1011 2671 dubito,
1037 2598 1116 2677 quin
1142 2595 1391 2681 impetraturus
1414 2592 1470 2660 sis.

337 2698 401 2763 Att.
427 2698 510 2776 XIV,
538 2699 588 2774 17,
614 2699 648 2763 5:
675 2719 742 2764 non
766 2699 889 2774 dubito,
916 2701 995 2784 quin
1019 2707 1055 2765 tu
1078 2701 1164 2766 idern
1190 2700 1453 2768 eacistimoturus
1476 2700 1533 2767 sis.

334 2805 424 2869 Fam.
450 2805 502 2882 ΙΙΙ,
530 2806 580 2881 12,
606 2805 644 2870 3:
671 2824 732 2871 nec
756 2805 880 2883 dubito,
906 2808 984 2889 quin
1009 2806 1137 2889 legente
1160 2814 1192 2873 te
1216 2809 1276 2873 has
1300 2809 1422 2874 litteras
1446 2810 1598 2875 contecta
1618 2810 1686 2891 jam
1710 2829 1763 2875 res
1784 2809 1912 2895 futuru
1935 2811 1986 2877 311.

334 2911 423 2975 Fam.
442 2911 522 2988 Vlll,
544 2912 593 2986 14,
613 2912 633 2975 2
651 2911 821 2994 (Caelius):
847 2932 915 2977 non
932 2913 1055 2996 dubito,
1074 2917 1154 2997 quin
1170 2920 1202 2979 te
1219 2934 1351 2999 quoque
1368 2916 1450 2982 haec
1468 2917 1659 2982 deliberatio
1672 2915 1718 2980 311
1726 2914 1986 3001 perturbatura.

334 3016 424 3082 Fam.
449 3017 502 3092 Xl,
530 3018 558 3095 1,
583 3018 604 3081 5
627 3018 677 3099 (D.
704 3018 848 3100 Brutus):
875 3039 941 3084 non
966 3020 1089 3097 dubito,
1115 3023 1195 3104 quin
1218 3023 1258 3088 de
1283 3023 1334 3086 his
1357 3022 1455 3087 rebus
1472 3030 1548 3088 ante
1565 3025 1679 3090 horam
1698 3033 1847 3107 quartam
1866 3026 1988 3089 Hirtius

173 3123 347 3188 certiorem
371 3142 423 3188 me
447 3122 491 3188 311
500 3121 681 3210 facturus.
740 3157 741 3160 ¹

334 3229 424 3294 Fam.
459 3229 543 3306 XllI,
577 3231 630 3307 41,
657 3231 690 3294 2;
726 3231 805 3294 mihi
838 3252 905 3297 non
938 3241 988 3298 est
1017 3234 1152 3299 dubium
1177 3236 1265 3318 quin,
1292 3255 1392 3318 quum
1417 3242 1514 3300 antea
1537 3244 1649 3301 nostra
1673 3258 1783 3316 causa,
1809 3259 1898 3304 nunc
1918 3240 1987 3321 jam

178 3336 273 3399 etiam
298 3341 374 3401 tuae
398 3337 603 3401 constantiae
627 3337 730 3419 gratia
755 3357 946 3404 mansurus
969 3338 1017 3405 sis
1041 3343 1074 3405 in
1098 3341 1213 3406 eadem
1238 3342 1300 3405 ista
1324 3341 1527 3408 liberalitate.
1853 3347 1854 3351 ’

334 3443 460 3524 Hoppe,
491 3442 510 3507 1.
536 3461 563 3506 c.
590 3461 661 3525 pag.
687 3444 743 3507 22;
778 3444 886 3509 willst.
935 3445 999 3511 Sed
1024 3449 1201 3530 opponitur
1224 3455 1371 3513 nostrum
1396 3447 1540 3514 futurum
1564 3451 1705 3533 periphr.
1731 3451 1777 3515 illi
1801 3452 1986 3533 praeterito,

178 3547 263 3631 quod
285 3547 328 3612 ad
356 3555 490 3613 »3111331
517 3549 716 3614 audiendum
741 3557 800 3615 est.

333 3655 393 3735 Qu.
426 3655 464 3721 fr.
489 3655 539 3731 Ill,
566 3657 594 3732 1,
622 3656 676 3720 13:
711 3674 773 3721 nec
797 3657 910 3722 dubito
935 3659 1014 3741 quin
1039 3658 1117 3723 mibi
1140 3656 1316 3742 placituro
1339 3660 1384 3726 sit
1404 3664 1461 3742 (sc.
1488 3661 1636 3744 Erigone,
1661 3664 1828 3745 tragoedia
1851 3664 1911 3744 Qu.
1939 3663 1987 3729 Ci-

178 3761 327 3844 caronis).

336 3866 431 3949 Conj.
457 3865 654 3957 imperfecti
676 3869 775 3934 futuri
798 3871 1026 3952 periphrastici
1051 3872 1212 3954 objective
1236 3880 1413 3956 usurpatus
1436 3875 1554 3957 legitur
1576 3876 1628 3940 his
1652 3876 1750 3943 locis:

337 3975 402 4039 Att.
428 3974 450 4051 l,
478 3976 529 4052 17,
554 3976 589 4039 2;
615 3995 682 4041 non
706 3976 907 4054 dubitabam,
934 3979 1011 4060 quin
1037 3978 1214 4043 131113-
1237 3981 1366 4062 uspiam
1391 3978 1530 4048 uisurus
1555 3986 1651 4048 33331.

338 4082 402 4146 Α11.
428 4081 479 4158 ΙΙΙ,
505 4083 539 4146 6;
565 4102 632 4147 non
656 4083 762 4148 fuerat
786 4085 864 4148 mihi
888 4084 1034 4162 dubium,
1060 4087 1140 4169 quin
1164 4094 1195 4152 13
1217 4087 1349 4152 Tarenti
1372 4095 1429 4152 aut
1453 4089 1617 4154 Brundisii
1643 4087 1781 4156 uisurus
1805 4108 1925 4155 essem.

333 4188 397 4252 Att.
432 4186 513 4264 Xlll,
550 4186 602 4264 45,
640 4191 674 4254 1;
708 4209 845 4272 prorsus
877 4191 1987 4279 311111311113113110111111311311113333(111111113111111113111333111

180 4291 265 4359 diem
290 4297 456 4360 uenturus
480 4298 577 4359 33331.

335 4400 424 4465 Fam.
459 4400 526 4477 XII,
555 4401 604 4477 19,
633 4402 665 4465 1:
695 4402 974 4483 jucundissimum
1002 4405 1174 4483 1111111011,
1201 4408 1289 4489 quod
1313 4409 1453 4490 cognovi
1476 4426 1567 4473 meas
1590 4409 1648 4472 tibi
1672 4407 1820 4496 (litteras)
1843 4410 1987 4476 redditas

177 4521 263 4585 esse;
290 4507 469 4571 nonenim
494 4507 694 4584 dubitabam,
720 4510 799 4591 quin
823 4528 880 4574 eas
904 4510 1044 4575 libenter
1069 4508 1221 4578 tecturus
1246 4531 1346 4590 33333,
1373 4514 1517 4589 verebar,
1542 4521 1579 4579 ut
1603 4515 1825 4581 redderentur.

334 4614 459 4696 Hoppe,
489 4614 509 4678 l.
534 4633 588 4691 c.,:
623 4615 773 4680 wolltest.
821 4617 890 4681 Nos
923 4636 1055 4701 quoque
1080 4638 1153 4700 pro:
1193 4619 1336 4684 1311111131
1367 4620 1480 4685 tuille»
1506 4621 1615 4687 dicere
1639 4641 1825 4704 possumus.
1872 4623 1987 4707 Neque

176 4723 286 4784 tamen
319 4720 394 4785 inde
428 4727 478 4784 est
513 4722 732 4803 colligendum
766 4724 1013 4805 conjunctivum
1051 4725 1213 4791 »lecturus
1237 4745 1347 4792 esses»
1376 4745 1449 4792 esse
1472 4729 1558 4810 conj.
1584 4748 1651 4794 non
1675 4729 1773 4794 futuri
1796 4729 1902 4811 simpl.
1928 4729 1987 4794 sed

173 4823 272 4891 futuri
304 4827 445 4909 periphr.
502 4828 585 4893 Nam
619 4830 647 4893 si
680 4830 724 4893 ita
757 4835 853 4904 esset,
888 4850 962 4912 pro:
997 4831 1136 4897 libenter
1164 4833 1308 4899 lecturus
1332 4841 1420 4899 esset
1442 4833 1542 4898 scribi
1565 4843 1692 4916 posset:
1716 4835 1856 4901 libenter
1879 4836 1986 4918 legere

173 4933 284 5011 velles,
319 4935 352 4999 in
385 4955 451 5017 qua
484 4935 650 5001 locutione
684 4937 838 5001 nimirum
867 4938 1069 5014 adverbium,
1094 4939 1183 5022 quod
1206 4947 1256 5006 331
1280 4938 1436 5018 libenter,
1461 4940 1503 5004 ad
1529 4937 1634 5006 031131
1656 4951 1743 5009 33331
1766 4943 1984 5009 referendum.

173 5038 244 5106 Hoc
267 5047 392 5107 autem:
419 5037 566 5108 1111311131·
588 5039 680 5108 113113
702 5043 802 5109 latine
826 5063 893 5108 non
917 5045 1044 5110 dicitur.

332 5148 422 5213 Fam.
457 5149 526 5226 XV,
564 5150 615 5226 12,
643 5151 676 5214 1:
711 5152 789 5216 mihi
814 5170 993 5234 numquam
1018 5152 1078 5242 fuit
1102 5153 1246 5231 dubium,
1272 5157 1351 5239 quin
1375 5161 1406 5218 te
1430 5154 1572 5236 populus
1597 5156 1767 5222 Romanus
1790 5196 1833 5205 -
1856 5177 1986 5224 summo

173 5255 291 5331 studio,
317 5257 444 5320 cunctis
469 5257 631 5338 sutiragiis
655 5258 826 5322 consulem
848 5255 1011 5339 facturus
1036 5263 1132 5324 33331.
