4274 5790
361 421 530 485 Postremo
555 421 635 484 mihi
658 420 861 486 atterendum
885 428 934 485 est

360 528 419 607 Qu.
456 526 491 591 lr.
518 528 540 601 l,
568 528 595 604 1,
623 533 654 591 l:
689 529 749 593 etsi
775 547 839 592 non
865 527 1066 603 dubitabam,
1093 529 1172 610 quin
1196 527 1282 593 hane
1306 529 1477 609 epistolam
1504 529 1596 593 multi
1619 529 1734 604 nuntii,
1760 527 1848 592 lama
1870 528 2013 610 denique

201 640 289 700 esset
312 637 381 717 ipsa
407 654 467 699 sua
490 635 657 699 celeritate
681 639 894 719 superatura
918 641 1018 717 tuque
1041 642 1117 698 ante
1142 635 1183 698 ab
1208 634 1281 698 aliis
1305 632 1491 700 auditurus
1510 640 1602 700 esses
1619 655 1741 700 annum
1757 635 1886 700 tertium
1904 653 2015 700 acees-

200 743 282 807 sisse
311 780 359 818 -,
386 747 494 806 tamen
519 742 701 806 existimavi
726 747 799 822 ele.;

360 849 414 913 ubi
432 848 657 930 imperfectum
676 866 735 930 pro
752 848 916 930 praesenti
934 847 1050 929 legitur
1069 854 1202 930 propter
1217 846 1296 911 illud
1314 847 1526 930 epistolarum
1539 850 1707 931 proprium
1721 848 1886 914 scribendi
1898 865 2011 929 genus.

307 989 339 1076 2)
364 990 398 1053 ln
423 988 528 1054 forma
552 990 790 1071 periphrastica
814 989 991 1053 voluntatis
1015 989 1065 1052 vis
1088 989 1182 1053 inest.

359 1096 422 1160 Au.
458 1095 540 1172 XVI,
577 1096 627 1171 15,
653 1096 688 1159 2:
724 1097 763 1161 de
798 1097 860 1160 hoo
886 1095 963 1178 quid
988 1095 1127 1178 placeat,
1160 1095 1323 1160 rescribas
1347 1097 1455 1173 velim,
1482 1115 1542 1162 nec
1567 1098 1690 1173 dubita,
1716 1098 1795 1180 quin
1819 1096 1883 1161 hoc
1909 1101 2013 1161 totum

200 1203 306 1268 lenius
331 1199 647 1267 udatinistrutur‘us
671 1201 728 1267 sis.

306 1328 339 1403 3)
364 1325 534 1409 Objeetiva
567 1326 665 1391 luturi
699 1329 855 1409 temporis
878 1346 921 1391 an
946 1328 1123 1393 voluntatis
1147 1335 1179 1393 et
1202 1328 1330 1394 consilii
1356 1329 1405 1392 vis
1429 1329 1462 1392 in
1487 1328 1591 1393 forma
1615 1328 1756 1411 periphr.
1783 1327 1869 1403 insit,
1895 1327 2010 1409 quaeri

200 1452 298 1517 posse
322 1433 450 1498 videtur
473 1434 523 1498 his
547 1434 643 1498 loeis:

359 1541 450 1623 Conj.
473 1538 670 1624 praesentis
694 1539 749 1604 lut.
775 1541 916 1624 periphr.

360 1646 422 1711 Au.
449 1646 487 1724 V,
512 1647 564 1722 21,
589 1647 624 1711 2:
659 1666 720 1711 neo
754 1647 881 1711 dubitat
905 1647 1088 1722 Deiotarus,
1115 1686 1153 1694 -
1180 1650 1259 1731 quin
1283 1669 1358 1713 cum
1383 1648 1536 1714 omnibus
1560 1649 1665 1730 copiis
1685 1649 1756 1730 ipse
1780 1645 1835 1733 (τε
1858 1665 1914 1711 rex
1940 1647 2016 1711 Par·

200 1754 343 1839 thorum)
368 1755 471 1836 prima
495 1761 619 1818 aestate
644 1754 832 1836 Euphraten
857 1751 1070 1819 transiturus
1093 1752 1144 1818 sit.

361 1860 424 1925 Au.
450 1859 532 1936 VIII,
558 1861 588 1936 7,
616 1863 649 1925 l:
675 1869 708 1925 at
733 1879 829 1925 nemo
854 1860 991 1939 dubitat,
1016 1862 1095 1943 quin
1119 1862 1266 1926 subsidio
1292 1866 1457 1928 neuturus
1480 1861 1532 1926 sit.

360 1966 423 2032 Au.
451 1967 502 2040 XI,
532 1967 582 2043 12,
608 1967 642 2031 3:
668 1986 736 2032 non
760 1966 884 2040 dubito,
910 1968 989 2050 quin
1014 1969 1041 2031 is
1065 1967 1149 2032 lenis
1173 1970 1206 2032 in
1231 1969 1321 2034 illum
1334 1968 1488 2055 ficturus
1512 1967 1563 2034 sit.

360 2073 451 2155 Conj.
480 2071 675 2161 imperfecti
701 2074 757 2139 tut.
787 2075 928 2157 periphr.

360 2180 451 2245 Verr.
476 2180 512 2258 Il,
535 2179 558 2266 ξ
582 2181 638 2245 72:
673 2199 739 2245 non
773 2179 944 2244 dubitabat
976 2180 1139 2246 Minucius
1166 2219 1215 2256 -,
1247 2183 1325 2264 quin
1349 2185 1420 2258 iste,
1446 2183 1601 2266 quoniam
1626 2181 1801 2246 consilium
1826 2180 2015 2256 dimisisset,

203 2287 259 2353 illo
284 2288 336 2352 die
359 2306 428 2352 rem
453 2286 542 2352 illam
566 2284 786 2368 quaesiturus
810 2306 877 2351 non
904 2292 999 2353 esset.

360 2393 451 2458 Verr.
486 2393 526 2456 lll
558 2392 581 2479 ξ
613 2393 670 2457 63;
704 2394 765 2458 iste
798 2411 897 2475 porro
922 2413 989 2458 non
1014 2394 1192 2473 dubitabat,
1227 2396 1306 2477 quin
1330 2397 1367 2471 is,
1394 2396 1449 2477 qui
1473 2395 1573 2459 alium
1598 2400 1696 2459 antea
1719 2394 1827 2458 studio
1851 2393 2017 2458 adductus

200 2507 398 2577 accusasset,
433 2499 495 2564 sibi
527 2500 714 2565 advententi
749 2506 881 2583 praesto
914 2504 1003 2565 esset
1031 2497 1186 2581 futurus,
1221 2521 1296 2566 cum
1330 2509 1416 2565 esset
1451 2503 1595 2583 parentis
1623 2501 1751 2583 injuriis
1774 2507 1807 2565 et
1830 2501 2016 2565 domestico

201 2609 314 2674 dolore
339 2614 534 2673 commotus.

361 2713 423 2778 Au.
459 2713 539 2790 VIII,
575 2714 624 2790 12,
660 2714 695 2777 3:
730 2715 920 2795 praesertim
955 2734 1055 2797 quum
1081 2753 1122 2762 —
1147 2734 1214 2779 non
1238 2715 1423 2790 dubitarim,
1458 2716 1537 2797 quin
1561 2714 1589 2777 is
1614 2713 1756 2777 Domitio
1780 2707 2018 2778 subventurus

200 2834 296 2888 esset.

359 2926 421 2990 nu.
448 2925 516 3001 XV,
544 2925 594 3000 12,
623 2931 653 2989 t:
680 2925 720 2988 de
745 2926 864 2989 nostris
888 2931 997 2990 autern
1022 2926 1208 2991 Antiatibus
1232 2928 1312 2990 satis
1335 2926 1470 2991 videbar
1493 2926 1591 3007 plane
1615 2925 1796 3006 scripsisse,
1822 2932 1941 2989 utnon
1960 2925 2016 2989 du·

200 3035 329 3109 bitareS,
355 3033 434 3116 quin
459 3035 574 3096 essent
596 3032 692 3095 otiosi
704 3026 829 3116 futuri
851 3030 1019 3116 usurique
1043 3031 1203 3097 beneficio
1227 3031 1361 3097 Antonii
1387 3032 1637 3096 contumelioso

305 3175 338 3264 4)
363 3176 469 3242 Unum
502 3174 687 3256 exemplum
720 3174 882 3239 eiusmodi
913 3183 971 3250 est,
1005 3177 1100 3239 cuius
1127 3173 1251 3239 formae
1280 3175 1421 3257 periphr.
1448 3176 1643 3257 objectivam
1668 3173 1767 3239 luturi
1790 3173 1949 3257 temporis
1971 3191 2016 3237 an

200 3283 365 3350 facultatis
389 3283 455 3346 vim
480 3280 621 3344 tribuam
645 3281 790 3344 incertus
814 3280 884 3343 sim.
933 3280 990 3343 Est

360 3389 433 3471 Leg.
458 3388 532 3470 Agr.
558 3405 604 3450 or.
630 3385 655 3450 ll
679 3384 702 3471 ξ
725 3386 783 3450 4οε
809 3405 887 3450 num
912 3387 990 3470 quid
1014 3405 1135 3451 causae
1159 3393 1218 3462 est,
1244 3390 1323 3470 qum
1348 3427 1389 3435 -
1407 3394 1508 3453 totam
1525 3388 1666 3468 denique
1684 3387 1871 3470 Bithyniam
1887 3385 2017 3451 decem-

200 3498 260 3562 viri
286 3492 463 3562 uendituri
484 3492 576 3559 sirit?

360 3602 530 3667 Postremo
555 3601 633 3664 mihi
657 3599 883 3664 adnotandum
908 3607 966 3675 est,
992 3607 1028 3664 ut
1050 3600 1138 3682 apud
1162 3600 1245 3665 alios
1269 3603 1456 3684 sumptores
1482 3602 1529 3665 sic
1546 3601 1633 3683 apud
1651 3600 1844 3666 Ciceronem
1862 3599 2018 3682 exempla

200 3728 266 3775 non
290 3708 417 3786 deesse,
442 3709 475 3773 in
500 3708 619 3791 quibus
642 3706 847 3788 particulam,
873 3725 958 3790 quae
982 3713 1032 3770 est
1055 3704 1146 3788 quin,
1172 3713 1329 3790 sequatur
1351 3709 1582 3790 conjunctivus
1599 3708 1781 3789 praesentis
1796 3706 1815 3772 l.
1832 3705 2018 3789 imperfecti

199 3816 356 3898 simplicis
391 3834 450 3897 pro
483 3815 569 3896 conj.
605 3814 787 3895 praesentis
820 3813 840 3876 l.
875 3812 1057 3895 imperfecti
1089 3811 1188 3877 iuturi
1219 3814 1457 3895 periphrastici.
1504 3815 1568 3878 Pro
1592 3813 1752 3896 exemplis
1775 3813 1909 3879 atteram

360 3941 406 3986 or.
432 3929 507 4002 post
532 3920 612 3985 Red.
638 3920 679 3984 ad
704 3919 792 3999 Quir.
818 3920 892 3983 hab.
917 3919 940 4006 ξ
966 3921 1020 3983 tt:
1047 3938 1118 3994 nec,
1143 3920 1170 3983 si
1194 3921 1249 3984 illa
1273 3924 1328 4001 (=
1352 3938 1405 3984 res
1428 3919 1573 4002 publica)
1595 3921 1829 3996 restitueretur,
1857 3918 2017 3994 dubitavi,

199 4029 277 4111 quio
302 4045 354 4093 me
378 4046 491 4092 seeum
515 4029 588 4109 ipsa
611 4022 802 4090 reduceret.

360 4134 448 4199 ibdm
471 4133 495 4219 ξ
520 4134 576 4198 15:
604 4152 647 4198 an
671 4152 731 4215 ego
750 4171 791 4181 —
808 4132 1001 4207 dubitarem,
1020 4132 1099 4214 quin
1116 4133 1143 4196 is
1159 4135 1214 4212 (=
1231 4132 1265 4196 P.
1284 4131 1453 4217 Lentulus)
1470 4151 1521 4196 me
1540 4170 1578 4178 -
1596 4133 1793 4198 adsalutem
1810 4129 2020 4198 reduceret?

519 4401 554 4465 ll.
604 4399 774 4465 Sententia
798 4418 817 4464 a
841 4398 920 4481 quia
946 4400 1108 4482 incipiens
1132 4399 1321 4464 condicioni
1343 4398 1441 4462 alicui
1465 4399 1614 4480 subjecta
1637 4404 1696 4461 est.

358 4547 434 4611 Trin
469 4547 524 4611 illa
553 4565 674 4629 genera
699 4545 908 4627 periodorum
934 4544 1218 4626 hypotheticarum
1244 4543 1297 4607 hic
1322 4542 1417 4605 nobis
1442 4547 1633 4605 occurrunt:
1668 4558 1772 4620 genus
1804 4539 2018 4622 objectivum,

200 4653 388 4737 potentiale,
414 4654 539 4718 irreale.

905 4865 1038 4931 Genus
1061 4865 1313 4946 objectIvum.

360 5008 453 5092 Conj.
475 5007 674 5096 proesentis
698 5008 797 5073 futuri
821 5010 963 5090 periphr.
988 5010 1021 5072 in
1044 5007 1182 5088 apodosi
1207 5006 1337 5086 legitur:

361 5118 451 5183 Fam.
477 5117 513 5194 ll,
541 5118 590 5187 lt.
615 5116 651 5180 5:
676 5135 764 5180 nunc
788 5116 867 5179 mihi
892 5134 958 5180 non
983 5123 1032 5178 est
1056 5114 1202 5185 dubium,
1228 5114 1317 5195 quin,
1342 5113 1370 5174 si
1393 5117 1491 5174 antea
1515 5108 1660 5172 auditum
1685 5110 1744 5172 eril
1769 5110 1872 5172 otium
1892 5126 1969 5173 esse
1984 5110 2020 5173 in

200 5225 304 5309 Syria,
332 5236 500 5290 renturoe
523 5243 589 5287 non
614 5221 683 5286 sint
705 5230 762 5306 Iso.
789 5222 955 5305 leglenes).
