4274 5790
212 235 257 301 26

325 412 418 479 Alter
450 432 530 478 usus
562 415 649 497 conj.
683 432 789 497 praes.
823 414 879 480 lut.
913 416 1056 500 peripbr.
1090 421 1139 480 est
1172 417 1206 480 in
1228 416 1391 481 eiusmodi
1413 416 1662 500 quaestionibus
1685 417 1865 491 indirectis,
1893 433 1987 498 qnae

166 520 328 604 apodosin
360 521 552 587 contineant
584 522 781 604 sumptionis
803 523 851 587 rei
874 523 1041 605 possibilis
1065 521 1151 587 illius
1175 523 1307 605 quidem
1330 524 1389 588 sed
1413 524 1566 589 incertae.
1613 523 1650 588 ln
1674 523 1862 588 huiusmodi
1888 523 1986 587 enim

165 628 310 711 periodis
333 628 562 711 hypotheticis,
588 647 671 712 qnos
695 630 890 711 potentiales
913 630 1080 713 appellare
1104 649 1290 712 possumus,
1314 648 1554 712 saepenumero
1576 630 1621 707 lit,
1645 636 1682 694 ut
1703 632 1737 695 in
1756 631 1901 713 apodosi
1920 648 1986 713 pro

163 736 250 818 conj.
276 753 381 818 praes.
406 733 565 818 simplicis
587 735 819 818 conjunctivus
841 755 948 819 praes.
974 735 1030 801 lut.
1055 735 1197 818 periphr.
1221 742 1371 818 ponatur,
1397 738 1452 802 ubi
1475 737 1633 820 apodosis
1648 739 1797 821 quaestio
1813 737 1986 802 indirecta

164 843 329 925 citatque
352 841 455 906 altera
478 842 680 924 conjunctivi
702 843 847 925 ponendi
871 861 972 909 causa
995 845 1181 908 accesserit.

326 965 381 1031 Ex.
406 973 483 1031 sunt
506 966 603 1032 haec:

324 1090 391 1156 lnv.
426 1091 452 1155 ll
484 1089 508 1178 ξ
537 1091 615 1156 133:
648 1092 768 1157 deiude
791 1093 868 1157 item
892 1111 1052 1176 quaerere
1075 1091 1133 1178 (sc.
1158 1098 1300 1175 oportet)
1322 1091 1365 1157 ab
1383 1093 1561 1174 judicibus,
1586 1095 1613 1156 si
1637 1094 1709 1158 eins
1732 1095 1779 1159 rei
1801 1111 1910 1158 causa
1943 1131 1982 1140 -

163 1198 390 1279 exceptionem
413 1198 483 1280 ipse
506 1199 539 1263 in
564 1199 634 1281 legc
657 1198 810 1274 ascribat,
830 1198 1021 1284 passurine
1043 1197 1121 1264 sint.

322 1319 378 1389 Or.
402 1330 505 1388 recta:
529 1324 558 1388 si
581 1323 755 1399 ascribam,
780 1343 883 1390 vosne
906 1324 1098 1407 patiamini?

323 1446 382 1512 llic
415 1447 481 1512 ind,
514 1446 570 1512 lut.
604 1447 762 1531 simplicis
795 1455 891 1532 aptus
915 1469 980 1514 non
1005 1458 1064 1525 est,
1090 1448 1246 1531 quoniam
1270 1448 1311 1512 ad
1336 1449 1441 1532 ipsam
1465 1468 1545 1525 rem,
1568 1449 1610 1512 de
1634 1467 1700 1532 qua
1721 1451 1835 1532 agitur,
1861 1449 1980 1526 refert,

163 1555 261 1619 etiam
286 1555 447 1637 apodosiu
471 1574 531 1637 pro
556 1554 656 1619 dubia
677 1562 708 1620 et
732 1556 857 1621 incerta
882 1574 916 1621 rc
940 1557 1054 1638 accipi.

323 1679 496 1745 Praeterea
518 1685 570 1745 cst
591 1680 790 1757 adnotanda,
815 1681 904 1764 quod
928 1680 969 1745 ad
992 1679 1107 1745 verba:
1134 1678 1207 1745 eius
1231 1677 1285 1744 rci
1306 1699 1414 1745 causo
1437 1683 1561 1757 attinet,
1595 1681 1737 1746 varietas
1759 1680 1917 1746 codicum
1943 1689 1979 1747 et

162 1786 357 1851 editionum:
384 1805 492 1852 causa
516 1785 632 1866 PAF;
657 1805 787 1853 causae
810 1787 852 1865 R3
878 1806 1023 1853 causum
1047 1787 1081 1852 E.
1113 1784 1211 1853 Orell.
1229 1805 1338 1852 causo
1354 1789 1464 1852 omisit
1479 1807 1555 1852 cum
1573 1788 1697 1853 Ernest.
1715 1796 1746 1854 et
1762 1788 1835 1854 cod.
1854 1788 1978 1855 Linde·

163 1897 290 1974 manni;
324 1896 489 1980 Kayscrus
522 1896 616 1960 uncis
649 1895 781 1960 inclusit
808 1896 892 1961 »reis
917 1901 1016 1978 atquc
1040 1894 1167 1960 scribit:
1193 1912 1337 1975 causae·
1364 1895 1452 1978 quod
1476 1895 1562 1959 haud
1588 1897 1658 1960 scio
1682 1916 1724 1961 au
1744 1897 1819 1978 jure
1843 1893 1976 1960 lecerit.

163 2002 247 2067 Nam
285 2004 319 2067 in
353 2003 516 2087 prioribus
548 2022 613 2067 non
646 2003 752 2085 agitur
784 2002 824 2067 de
856 2003 1050 2085 exceptione
1083 1999 1137 2065 rei
1168 2001 1226 2066 sed
1259 2020 1396 2067 causae.
1462 2000 1525 2066 Clr.
1560 2000 1583 2088 ξ
1617 2002 1694 2067 130;
1728 2022 1801 2068 eam
1832 2020 1978 2067 causam

161 2110 321 2192 excipere.
370 2108 476 2193 Atque
500 2129 601 2193 quum
625 2127 735 2175 errore
759 2111 915 2192 scriptum
939 2115 1040 2174 esset:
1066 2126 1174 2174 causa
1195 2127 1255 2191 pro
1274 2127 1412 2186 causac,
1431 2108 1526 2174 facile
1542 2108 1741 2175 vocabulum
1757 2107 1811 2175 rei
1824 2111 1977 2192 irrepere

162 2217 275 2299 proluit.

322 2340 427 2407 lbdm:
451 2359 511 2425 agc
535 2360 643 2423 porro,
668 2341 756 2424 quid,
781 2341 809 2404 si
832 2341 894 2423 ipsi
917 2340 1038 2405 vellent
1057 2340 1187 2423 judices
1211 2340 1385 2417 ascribere,
1404 2360 1626 2425 passurusne
1649 2339 1694 2406 stt
1715 2341 1865 2424 populus.

321 2447 456 2532 Signum
474 2448 737 2530 interrogationis
752 2453 827 2530 post
842 2446 1039 2512 vocabulum
1054 2445 1207 2532 populus
1223 2454 1403 2530 posuerunt
1418 2448 1565 2514 Klotains
1581 2456 1613 2515 et
1628 2449 1808 2530 Kayserus;
1833 2449 1972 2529 injuria.

320 2554 403 2621 Nam
426 2556 513 2638 conj.
537 2573 642 2638 praes.
669 2554 724 2620 lut.
746 2554 887 2637 periphr.
906 2573 1067 2638 nusquam
1086 2555 1172 2638 apud
1191 2553 1384 2620 Ciceronem
1401 2555 1581 2620 adhibitum
1598 2556 1707 2620 inveni
1723 2556 1757 2620 in
1774 2557 1976 2638 quaestione

160 2663 284 2728 directa
307 2664 376 2728 sire
399 2664 507 2747 potius
531 2663 584 2737 ita,
609 2668 645 2727 ut
667 2662 872 2737 sententiam,
898 2662 1018 2745 inqua
1042 2664 1126 2726 inest
1149 2661 1254 2727 forma
1282 2663 1528 2745 periphrastica,
1555 2681 1614 2744 pro
1632 2663 1823 2744 quaestione
1841 2661 1975 2728 directa

160 2770 282 2836 habere
307 2771 528 2836 necessarium
551 2770 602 2834 sit.
649 2767 764 2852 Neque
788 2769 850 2833 hoc
875 2768 949 2833 loco
973 2775 1023 2833 est
1046 2787 1191 2833 necesse.
1240 2769 1349 2834 Facile
1373 2770 1459 2833 enim
1484 2770 1596 2834 audire
1620 2769 1697 2834 licet
1718 2768 1832 2834 verba:
1863 2789 1973 2855 quoc-

160 2894 239 2943 rcre
263 2880 403 2962 oportet.
451 2875 634 2942 Vocabula:
660 2894 727 2959 ope
746 2892 857 2959 porro
881 2876 996 2940 eodem
1021 2876 1120 2940 modo
1144 2894 1217 2940 esse
1241 2876 1434 2958 accipienda
1456 2876 1608 2941 videntur
1622 2883 1657 2941 ut
1673 2876 1862 2959 particulae,
1883 2896 1973 2961 quae

160 2984 374 3066 praecedunt:
409 2980 546 3060 deinde,
577 2989 700 3068 posteo
731 2984 751 3047 i.
785 3002 813 3048 e.
837 2983 1017 3066 particulae
1050 2984 1207 3048 orationis
1231 2985 1386 3048 transitus
1410 2984 1640 3066 significantes.
1690 2983 1812 3064 ›Quid»
1838 2983 1972 3050 videtur

160 3109 375 3174 praemonere
408 3110 493 3168 eum,
530 3092 586 3174 qui
617 3091 702 3172 legit,
737 3090 777 3155 de
810 3091 960 3174 sequenti
992 3091 1140 3173 apodosi,
1174 3092 1218 3155 ita
1242 3096 1278 3154 ut
1301 3091 1405 3156 audiri
1429 3092 1546 3174 possit:
1565 3088 1737 3179 futurum
1761 3088 1805 3155 sit
1825 3089 1877 3154 vel
1906 3091 1970 3157 tale

160 3199 248 3282 quid.
297 3198 360 3264 Pro
384 3194 513 3265 ucttcut
538 3193 645 3264 uelint
668 3196 720 3263 Or.
744 3198 815 3262 sine
839 3198 905 3262 ulla
929 3203 1041 3262 notata
1065 3198 1197 3281 quidem
1221 3199 1423 3263 auctoritate.

320 3323 383 3387 Pro
408 3323 441 3388 P.
466 3323 618 3403 Quinctio
642 3342 688 3387 or.
712 3320 735 3408 ξ
759 3321 815 3386 54;
842 3342 908 3387 non
932 3322 1069 3386 multum
1094 3341 1145 3386 me
1169 3322 1259 3398 lallit,
1278 3325 1305 3386 si
1322 3322 1551 3396 consulamini,
1571 3322 1648 3403 quid
1664 3319 1737 3385 sitis
1753 3320 1972 3404 responsuri.

319 3428 442 3495 Contra
474 3430 515 3496 de
547 3429 662 3496 eadem
695 3448 730 3494 re
762 3430 796 3494 in
829 3430 991 3494 sententia
1015 3429 1150 3493 relativa
1173 3429 1284 3511 paullo
1309 3428 1405 3493 inlra:
1432 3429 1496 3493 dici
1521 3430 1573 3492 vix
1597 3435 1714 3511 potest,
1740 3447 1838 3510 quam
1863 3430 1973 3495 multa

100 3509 107 3526 ⁸
160 3539 234 3614 sint,
259 3557 344 3622 quae
368 3534 613 3624 respondeatis
636 3545 711 3603 ante
736 3537 804 3602 fieri
830 3544 990 3619 oportere.

319 3663 382 3728 Pro
407 3663 440 3728 L.
466 3662 569 3729 Balbo
594 3681 640 3728 or.
665 3661 687 3748 ξ
708 3661 765 3726 63;
791 3680 875 3745 quae
899 3661 1029 3745 quidem
1053 3662 1081 3725 si
1105 3661 1180 3726 huic
1205 3661 1368 3726 obfuerint
1393 3661 1479 3743 apud
1504 3680 1572 3733 vos,
1598 3679 1664 3726 non
1688 3659 1851 3741 intellege,
1877 3662 1973 3743 quod

160 3769 283 3835 bonurn
308 3770 462 3853 cuiquam
485 3769 528 3835 sit
550 3769 637 3852 apud
661 3769 744 3834 tales
768 3769 854 3833 viros
877 3764 1114 3855 profuturum.

319 3895 354 3960 ln
373 3893 605 3981 proluturum
629 3892 672 3960 sit
694 3893 814 3976 duplex
839 3892 1026 3976 potentialis
1051 3893 1099 3956 vis
1123 3893 1216 3968 inest,
1242 3893 1442 3975 conjunctivi
1466 3902 1499 3958 et
1522 3895 1624 3976 ipsius
1648 3894 1819 3976 participii.

322 4019 375 4085 Or.
401 4020 484 4086 Phil.
511 4020 536 4085 ll
560 4019 582 4106 ξ
606 4023 640 4084 8:
665 4018 815 4100 (Mustela
837 4025 870 4082 et
892 4018 980 4099 Tiro)
1005 4037 1104 4101 quum
1129 4018 1193 4082 hoc
1217 4018 1288 4100 ipso
1314 4025 1459 4100 tempore
1483 4024 1570 4082 stent
1593 4037 1667 4082 cum
1692 4018 1807 4100 gladiis
1832 4018 1865 4080 in
1889 4035 1971 4083 con·

159 4135 274 4212 spectu
298 4134 441 4204 senatus,
467 4146 527 4209 ego
551 4145 683 4210 quoque
707 4131 739 4192 te
763 4126 921 4190 disertum
944 4125 1078 4208 putabo,
1102 4126 1129 4188 si
1154 4126 1346 4201 ostenderis,
1371 4145 1436 4207 quo
1461 4125 1559 4189 modo
1584 4122 1632 4188 sis
1654 4143 1711 4189 eos
1728 4127 1812 4188 inter
1828 4124 1972 4191 sicarios

159 4231 380 4321 afferamus.
450 4233 641 4315 »Quomodo
673 4232 868 4298 defensurus
900 4233 964 4296 sis»
1000 4239 1107 4298 ortum
1140 4250 1180 4296 ex
1213 4233 1405 4314 quaestione
1438 4233 1617 4297 dubitativa
1650 4233 1807 4296 orationis
1839 4237 1969 4297 rectae:

159 4342 327 4425 quomodo
351 4341 531 4407 delendas?
554 4339 670 4407 Cicero
695 4339 830 4422 dubitat,
855 4359 933 4404 uum
957 4358 1015 4405 eos
1039 4339 1213 4404 defendere
1237 4341 1339 4421 possit
1362 4339 1533 4405 Antonius.
1581 4339 1673 4403 Finn.
1699 4337 1742 4402 IV
1764 4336 1787 4424 ξ
1811 4338 1863 4401 59.

318 4464 377 4532 Oll.
411 4465 451 4531 111
474 4464 497 4552 ξ
520 4464 577 4530 39:
612 4465 694 4530 haee
718 4470 768 4530 est
790 4465 839 4529 vis
863 4464 960 4529 huius
983 4464 1073 4529 anuli
1096 4471 1128 4528 et
1151 4464 1248 4528 huius
1272 4465 1427 4547 exempli:
1453 4466 1481 4529 si
1504 4483 1601 4529 nemo
1624 4463 1774 4539 sciturus,
1800 4480 1898 4527 nemo
1922 4481 1969 4529 ne

158 4573 384 4656 suspicaturus
407 4573 539 4657 quidem
563 4572 613 4647 sit,
638 4591 713 4637 cum
738 4571 861 4654 aliquid
884 4571 1070 4636 divitiarum
1100 4608 1139 4617 -
1176 4607 1213 4617 -
1239 4570 1383 4636 libidinis
1406 4591 1507 4636 causa
1532 4569 1656 4645 leceris,
1682 4571 1708 4634 si
1732 4569 1764 4633 id
1789 4571 1839 4634 dis
1863 4570 1968 4633 homi-

158 4679 320 4763 nibusque
344 4678 488 4745 futurum
512 4680 554 4744 sit
577 4697 707 4761 semper
729 4679 886 4761 ignotum,
911 4674 1004 4742 sisne
1015 4675 1196 4764 facturus.

317 4803 452 4887 Signum
485 4804 747 4886 interrogationis
771 4808 952 4886 posuerunt
977 4801 1092 4878 Klotz,
1126 4802 1284 4879 Baiterus,
1311 4802 1420 4866 omisit
1444 4800 1629 4877 Muellerus,
1650 4800 1724 4881 jure
1749 4801 1858 4877 credo,
1887 4820 1964 4865 nam

158 4913 307 4995 quaestio
331 4912 490 4976 indirecta
514 4910 608 4976 facile
632 4915 740 4993 potest
763 4909 906 4992 pendere
930 4927 970 4973 ex
994 4908 1116 4973 verbis:
1142 4904 1229 4973 hacc
1252 4913 1304 4974 cst
1327 4907 1377 4974 uis
1392 4905 1495 4974 huius
1513 4904 1614 4973 anuli
1630 4911 1662 4971 et
1678 4905 1780 4972 huius
1799 4905 1962 4991 aucupii,

157 5020 191 5084 in
217 5018 334 5103 quibus
358 5018 466 5084 verbis
491 5019 576 5082 inest
599 5018 681 5083 haee
706 5015 772 5082 lere
797 5016 972 5082 sententia:
997 5016 1080 5081 haec
1104 5014 1215 5080 fabula
1238 5015 1278 5081 de
1303 5015 1402 5080 anulo
1426 5014 1536 5099 Gygae
1560 5014 1687 5096 prolata
1710 5021 1760 5080 est
1783 5034 1803 5078 a
1826 5015 1964 5079 Platone

158 5145 197 5191 en
221 5126 392 5202 sententia,
418 5131 454 5191 ut
476 5144 535 5208 per
558 5144 630 5190 eam
660 5123 885 5207 quaestionem
909 5129 1072 5206 proponat
1094 5123 1190 5187 hanc.

317 5232 421 5296 Paulo
445 5232 529 5296 iulra
554 5232 594 5296 de
618 5231 732 5296 eadem
757 5248 806 5295 re:
833 5249 933 5314 quum
958 5230 1044 5295 euim
1070 5229 1267 5312 quaerimus,
1293 5229 1320 5291 si
1344 5229 1471 5309 possint
1494 5229 1611 5305 celare,
1638 5229 1715 5311 quid
1728 5226 1871 5315 facturi
1884 5225 1961 5298 siut,
