4274 5790
1856 277 1894 338 17

135 463 260 520 tantum
284 457 478 520 auctoritate
503 455 684 537 perfecerit,
708 461 764 518 aut
788 474 886 536 quam
905 454 999 518 sacile
1017 456 1153 536 imperio
1172 456 1280 519 socios
1299 458 1569 521 conservaturus
1582 451 1633 534 sit,
1653 455 1708 537 qui
1725 457 1797 536 ipso
1811 455 1944 518 nomine

135 562 339 629 defenderit?

296 669 348 735 Or.
382 669 463 733 Phil.
497 669 569 733 XIII
593 667 615 753 ξ
638 667 695 732 45;
725 686 867 751 namque
891 669 919 731 si
942 668 1019 732 victi
1043 668 1234 751 Pompeiani
1259 675 1323 733 tam
1349 669 1528 734 insolentes
1552 675 1637 744 sunt,
1663 669 1804 732 victores
1829 667 1943 750 quales

124 773 249 863 sutori
270 773 341 839 sint
362 794 421 840 vos
445 776 554 857 potius
578 775 799 858 experIemini.

296 881 418 947 Contra
450 882 491 947 ad
525 882 666 947 futurum
701 900 827 963 regens
862 881 949 964 quod
982 882 1023 945 ad
1054 882 1210 964 temporis
1234 884 1506 965 significationem
1530 883 1654 960 attinet,
1679 882 1870 948 referendus
1895 889 1945 947 est

137 990 222 1071 conj.
248 1008 353 1072 praes
379 989 435 1054 lut.
461 989 601 1072 periphr.

296 1096 358 1160 Au.
384 1097 422 1172 X,
451 1096 500 1172 18,
528 1096 559 1160 l:
585 1096 723 1179 posthac
748 1115 814 1160 non
838 1097 979 1160 scribam
1005 1098 1045 1161 ad
1071 1104 1111 1173 te,
1137 1099 1214 1181 quid
1226 1096 1399 1186 secturus
1423 1095 1498 1173 sinz,
1523 1097 1582 1161 sed
1606 1097 1683 1180 quid
1708 1097 1851 1163 fecerim.

296 1203 365 1267 Hoc
390 1203 464 1268 Ioco
489 1210 638 1285 apertum
662 1209 721 1280 est,
747 1204 976 1286 conjunctivus
988 1202 1163 1292 facturus
1187 1202 1254 1270 sim
1278 1202 1479 1291 etseccrr'm
1496 1205 1582 1286 conj.
1602 1223 1675 1269 esse
1693 1205 1944 1270 indicativorum

125 1307 296 1397 ‘facturus
320 1328 379 1374 cro
403 1318 436 1376 et
446 1307 585 1398 facero,
619 1312 664 1376 ita
688 1317 723 1376 ut
746 1312 799 1375 hic
823 1311 1005 1377 habeamus
1029 1331 1090 1390 ex,
1115 1316 1150 1377 in
1175 1332 1240 1397 quo
1265 1313 1350 1394 conj.
1376 1330 1481 1393 praes.
1508 1311 1563 1375 lut.
1590 1313 1731 1395 periphr.
1757 1332 1824 1377 non
1850 1331 1943 1377 suam

136 1419 299 1499 propriam
331 1419 487 1500 temporIs
519 1419 585 1482 rim
616 1418 744 1495 habeat,
778 1420 836 1483 sed
861 1419 901 1483 ad
925 1419 1061 1484 verbum
1085 1439 1201 1503 regens
1226 1420 1265 1484 sit
1290 1419 1480 1484 referendus
1504 1426 1603 1504 atque
1627 1420 1786 1502 significet
1810 1419 1944 1503 aliquod

135 1524 176 1587 ad
201 1524 264 1589 hoc
288 1524 432 1590 loturum
456 1525 594 1590 relatum
619 1525 755 1590 ulterius
779 1525 932 1590 futurum.

295 1633 434 1715 Reliqua
458 1651 519 1709 ex,
545 1632 601 1697 ubi
625 1633 711 1715 conj.
736 1652 842 1715 praes.
868 1633 923 1698 lut.
949 1635 1090 1717 periphr.
1114 1636 1262 1717 sequitur
1285 1633 1429 1697 loturum
1453 1634 1601 1716 simplex,
1627 1635 1709 1700 haec
1733 1641 1823 1699 sunt:

295 1740 361 1804 Iov.
387 1740 398 1803 I
423 1740 445 1826 ξ
469 1740 526 1805 36:
552 1739 638 1805 lacta
662 1748 771 1805 autem
796 1747 828 1806 et
852 1760 950 1806 casus
974 1748 1006 1807 et
1029 1744 1195 1807 orationes
1220 1742 1323 1807 tribus
1348 1760 1387 1806 ex
1412 1742 1614 1822 temporibus
1631 1740 1944 1819 considerabuntur3

136 1847 214 1929 quid
249 1846 362 1913 iecerit
393 1855 449 1913 aut
482 1849 559 1931 quid
593 1849 655 1930 ipsi
685 1849 842 1914 acciderit
874 1856 931 1913 aut
960 1850 1038 1932 quid
1062 1851 1188 1929 dixerit,
1222 1857 1255 1914 et
1278 1849 1355 1933 quid
1381 1847 1487 1924 faciat,
1513 1850 1591 1932 quid
1615 1849 1677 1930 ipsi
1701 1850 1839 1924 accidat,
1865 1848 1943 1930 quid

135 1954 231 2030 dicat,
257 1961 313 2019 aut
336 1955 413 2038 quid
426 1950 599 2041 fact-urus
623 1952 674 2031 stt,
700 1956 778 2038 quid
801 1957 863 2039 ipsi
888 1975 1055 2022 casurum
1079 1956 1131 2031 sit,
1157 1977 1221 2041 qua
1245 1955 1290 2021 sit
1311 1974 1442 2021 usurus
1465 1957 1622 2021 oratione.

295 2063 361 2126 Inv.
387 2064 404 2126 I
426 2061 449 2148 ξ
474 2062 534 2126 101
560 2062 897 2149 (demonstrabImus);
933 2064 1073 2130 Herenn.
1099 2065 1124 2128 II
1149 2064 1171 2150 ξ
1195 2064 1239 2129 50
1262 2062 1488 2150 (aperiemus)3
1513 2064 1576 2129 Au.
1601 2064 1669 2141 VII,
1696 2066 1746 2141 17,
1771 2067 1792 2128 4
1816 2067 1944 2148 (intelli-
1991 2064 1992 2068 ’

134 2173 276 2251 geutur);
302 2169 368 2245 XII,
393 2170 446 2246 41,
474 2171 489 2233 1
515 2169 638 2256 (scies);
663 2170 745 2246 XIII,
770 2171 800 2246 4,
826 2170 846 2233 2
872 2169 953 2256 (id.);
979 2172 1060 2246 XIII,
1085 2173 1149 2248 9,2
1171 2171 1354 2257 (scribam);
1380 2171 1698 2259 XVI,8,1(sciam);
1724 2173 1790 2236 Pet.
1806 2173 1939 2239 Consul.

135 2277 178 2339 34
202 2275 405 2362 (conjectura
428 2276 497 2342 fieri
521 2277 660 2364 poterit).

299 2381 394 2468 Conj.
415 2383 614 2468 proesentis
637 2394 673 2450 ut
696 2386 782 2468 conj.
808 2385 864 2450 fut.
890 2387 1048 2469 slmplicis
1077 2388 1177 2452 utitur
1199 2387 1335 2451 verbum
1360 2406 1476 2469 regens

295 2493 354 2573 Qu
390 2492 426 2557 lr.
460 2493 482 2569 I,
516 2493 546 2572 3,
572 2494 606 2558 8;
642 2493 721 2557 nihil
746 2495 832 2557 enim
857 2500 924 2557 tam
947 2495 1047 2559 timeo
1072 2512 1171 2576 quam
1196 2513 1237 2558 ne
1262 2514 1361 2577 quum
1386 2495 1568 2577 intelligant
1591 2495 1751 2571 hommes,
1786 2503 1944 2579 quantum

135 2601 380 2666 misericordiae
401 2601 496 2666 nobis
521 2607 595 2665 tuae
619 2620 734 2683 preces
759 2608 791 2664 et
814 2607 869 2665 tua
893 2601 983 2665 salus
1008 2597 1168 2666 allatura
1191 2599 1243 2681 sn,
1269 2609 1459 2684 oppugnent
1482 2609 1512 2667 te
1537 2603 1773 2667 vehementius.

295 2706 432 2773 Futuro
458 2712 580 2774 eocucto
605 2709 706 2773 utitur
728 2727 779 2773 en.
805 2727 920 2789 regens

296 2817 389 2898 Legg.
414 2817 425 2880 I
449 2815 472 2902 ξ
496 2817 552 2880 61;
577 2817 730 2899 idemque
755 2813 810 2900 (sc.
837 2817 886 2879 vir
909 2813 1062 2900 sapiens),
1081 2835 1181 2897 quum
1200 2815 1339 2891 coelum,
1357 2822 1470 2893 terras,
1489 2818 1590 2881 marla
1606 2835 1781 2898 rerumque
1799 2817 1945 2880 omnIum

138 2930 287 2987 naturam
311 2925 522 3006 perspexerit,
559 2942 663 3007 eaque
699 2924 787 2987 unde
817 2930 980 3004 generata,
1013 2942 1079 3006 quo
1110 2929 1288 2999 recurrant,
1314 2924 1456 3006 quando,
1482 2943 1547 3006 quo
1572 2924 1670 2987 modo
1695 2919 1841 2999 obituro,
1868 2923 1945 3006 quid

135 3032 168 3093 in
193 3030 244 3094 his
268 3031 404 3096 mortale
428 3069 480 3109 --,
506 3032 583 3114 quid
608 3032 754 3095 divinum
779 3069 820 3078 —
845 3033 895 3107 sit,
921 3031 1044 3107 viderit,
1070 3069 1113 3076 —
1136 3069 1179 3078 —
1204 3069 1245 3076 -
1270 3050 1368 3113 quam
1393 3033 1522 3113 seipse
1547 3031 1662 3096 noscit.

296 3137 350 3203 Sic
374 3139 477 3204 Klotz.
503 3147 535 3205 et
559 3140 716 3204 Baiterus.
765 3139 828 3203 Pro
853 3139 922 3203 illo:
949 3158 1014 3222 quo
1038 3145 1218 3215 recurrant,
1243 3139 1376 3221 quando
1400 3138 1586 3215 Muellerus
1613 3138 1776 3203 Eussnero
1800 3145 1944 3216 auctore,

135 3245 261 3310 scribit:
296 3266 362 3330 quo
395 3266 568 3312 recursura
601 3247 788 3330 aliquando.
846 3246 934 3310 ldem
967 3245 1142 3310 Muellerus
1175 3245 1319 3321 adnotat,
1355 3247 1449 3310 codd.
1480 3247 1544 3311 duo
1569 3248 1714 3328 signatos
1739 3245 1793 3309 AB
1818 3264 1945 3311 recuro

135 3350 281 3438 quondo
306 3354 437 3429 habere,
472 3355 529 3419 sed
554 3356 586 3419 in
612 3355 800 3419 incurrant
822 3359 1015 3418 correctum.
1064 3351 1281 3424 Recursuru,
1307 3349 1452 3437 quondo
1478 3353 1571 3417 Vahl.
1619 3354 1666 3418 De
1691 3354 1742 3417 his
1765 3353 1865 3417 rebus
1889 3352 1945 3416 dil-

136 3462 219 3528 ticile
239 3469 289 3528 est
312 3463 491 3545 quidquam
515 3481 574 3544 pro
599 3467 688 3526 certo
713 3467 855 3524 statuere
880 3467 912 3523 et
936 3460 1067 3542 quidem
1092 3459 1174 3522 duas
1198 3467 1331 3540 propter
1354 3479 1486 3524 causas:
1514 3462 1652 3543 primum
1670 3462 1756 3525 enim
1772 3462 1805 3525 in
1819 3478 1946 3525 recuro

137 3571 287 3636 codicum
320 3571 420 3635 latere
453 3576 561 3652 potest
594 3590 694 3651 quum
728 3585 919 3633 recursura
948 3575 1015 3630 tum
1041 3572 1236 3650 recurrunt,
1261 3568 1379 3633 deinde
1403 3568 1500 3650 plane
1526 3570 1747 3633 necessarium
1772 3568 1802 3631 h.
1827 3568 1845 3631 l.
1871 3587 1946 3632 con-

132 3679 315 3760 junctivum
349 3677 448 3742 futuri
481 3677 621 3759 perIphr.
658 3678 711 3741 vix
745 3677 867 3740 habere
901 3675 985 3750 lIcet,
1012 3694 1110 3757 (quum
1137 3675 1218 3739 alias
1243 3695 1374 3758 quoque
1400 3694 1506 3758 neque
1530 3676 1562 3740 id
1586 3695 1670 3752 raro,
1696 3674 1752 3739 ubi
1776 3675 1862 3757 conj.
1889 3676 1944 3740 lut.

136 3787 275 3869 periphr.
311 3791 490 3867 exspectes,
525 3787 611 3866 conj.
645 3803 751 3866 praes.
784 3783 942 3865 simplicis
966 3784 1007 3846 sit
1031 3784 1180 3864 scriptus.
1233 3783 1373 3847 Tantum
1409 3784 1449 3847 de
1478 3784 1640 3848 vocabulo
1666 3779 1862 3868 aliquando
1887 3803 1946 3864 pro
2000 3775 2004 3782 ’

136 3890 280 3977 quondo
305 3893 544 3968 affirmaverIm,
571 3891 696 3956 nullum
721 3892 791 3954 eins
816 3892 848 3954 in
872 3889 1042 3955 codicibus
1067 3891 1174 3954 Inesse
1199 3891 1380 3972 vestigium.

295 4001 440 4065 Alterum
465 4018 515 4064 ex.
541 3999 627 4080 conj.
652 4017 757 4079 praes
783 3997 839 4062 lut.
866 3999 1005 4080 periphr.
1031 4004 1105 4080 post
1129 3996 1184 4061 sut.
1210 4004 1313 4062 exact.
1340 3997 1456 4078 legitur
1479 3998 1541 4061 Au.
1568 3998 1650 4073 XIV,
1679 3998 1728 4073 19,
1754 3999 1774 4059 6
1799 3996 1945 4082 (videro).

134 4107 278 4172 Tertium
314 4115 363 4172 est
396 4127 444 4171 ex.
480 4106 640 4171 elusmodi
673 4113 910 4186 comparatum,
943 4112 978 4169 ut
1011 4105 1096 4186 conj.
1131 4104 1272 4185 periphr.
1298 4123 1391 4169 suam
1416 4106 1581 4186 proprIam
1606 4106 1762 4186 temporis
1788 4105 1946 4186 significa-

135 4215 257 4278 tionem
282 4215 409 4279 habeat.
458 4213 514 4277 Est

294 4322 384 4385 Fam.
420 4320 486 4401 XII,
523 4320 573 4395 10,
599 4318 635 4382 2:
669 4320 763 4383 cuius
796 4320 843 4383 rei
876 4326 944 4382 tum
974 4326 1103 4400 tempus
1127 4319 1196 4395 erit,
1223 4339 1333 4399 quum,
1359 4320 1437 4401 quid
1462 4320 1534 4401 opis
1559 4320 1605 4384 rei
1629 4319 1781 4401 publicae
1807 4316 1947 4384 loturus

135 4427 162 4490 is
186 4429 349 4493 exercitus
373 4425 418 4492 sr't
439 4435 496 4492 aut
519 4428 596 4508 quid
617 4428 687 4508 jam
713 4427 829 4502 tulerit,
855 4433 969 4490 notum
994 4445 1067 4491 esse
1091 4427 1245 4508 coeperit.

296 4623 388 4706 Conj.
409 4621 546 4711 r'rnpcrf.
564 4623 620 4687 lut.
638 4623 779 4706 periphr.
798 4622 961 4704 obJecIIva
978 4623 1033 4687 lut.
1054 4623 1210 4703 temporis
1227 4623 1257 4685 vi
1275 4621 1441 4703 praeditus
1458 4623 1491 4685 in
1508 4622 1679 4686 sententiis
1696 4621 1943 4702 interrogativis

135 4735 167 4814 a)
213 4732 305 4815 Conj.
331 4732 455 4814 imperi.
482 4732 538 4796 Iut.
564 4731 704 4813 periphr.
729 4750 823 4794 suam
847 4732 1012 4813 proprIam
1036 4732 1102 4795 vim
1126 4730 1225 4794 babet
1248 4735 1345 4809 atque
1362 4728 1531 4809 significat,
1550 4729 1627 4810 quid
1645 4729 1819 4810 praeterito
1837 4728 1945 4804 aliquo

295 4847 441 4922 tempore
466 4843 555 4905 esset
577 4839 731 4904 futurum.

133 4947 167 5028 b)
214 4947 306 5030 Conj.
332 4947 421 5030 impl.
447 4947 502 5012 lut.
529 4947 669 5030 periphr.
695 4965 755 5027 pro
780 4947 865 5027 conj.
893 4964 997 5028 praes.
1023 4944 1078 5009 lut.
1105 4944 1245 5025 periphr.
1272 4945 1398 5025 positus
1423 4949 1472 5006 est
1496 4949 1528 5006 et
1552 4943 1682 5024 quidem
1709 4949 1765 5004 aut

296 5055 326 5142 α)
350 5061 483 5136 propter
507 5055 595 5136 leges
619 5054 863 5118 consecutionis
888 5060 1072 5135 temporum
1093 5057 1149 5115 aut

297 5160 325 5248 β)
350 5163 383 5225 in
407 5163 555 5226 oratione
580 5161 757 5243 epistolari.

211 5267 242 5354 a)
289 5267 381 5350 Conj.
407 5267 494 5349 impl.
521 5267 576 5331 Iul.
602 5269 743 5350 perIphr.
769 5266 938 5348 significat,
965 5268 1042 5349 quid
1068 5268 1242 5348 praeterito
1268 5265 1377 5348 aliquo
1403 5271 1548 5345 tempore
1573 5272 1659 5328 esset
1686 5264 1840 5327 loturum.

1844 5387 1861 5439 3
