4274 5790
1919 288 1940 352 ἵ)

338 472 474 554 Reliqua
508 491 567 545 en,
601 473 634 534 in
668 471 787 554 quibus
821 472 906 553 conj.
942 489 1046 553 prraes.
1084 469 1139 533 iul.
1174 470 1314 551 periphr.
1350 469 1513 549 objectiva
1547 468 1643 530 laturi
1677 469 1707 529 vi
1733 467 1898 548 praeditus
1923 474 1982 542 est,

176 579 258 642 haec
282 585 372 642 sunl:

336 686 440 749 Divin.
466 686 478 749 l
502 685 525 771 ᾗ
548 686 603 749 36;
630 685 759 748 mentiri
781 682 867 769 (hos)
887 684 1074 765 judicemus
1101 702 1159 747 nee
1184 683 1391 747 saeculorum
1416 682 1615 764 reliquorum
1637 681 1807 762 judicium,
1833 680 1920 763 quod
1944 679 1984 743 de

176 794 255 875 ipsis
268 790 439 878 ‘litteram
463 791 514 867 sit,
539 793 780 874 pertimescere.

336 900 371 963 ln
407 900 470 964 hoe
503 919 552 964 ex.
588 918 746 984 quaerere
780 899 863 976 licet,
897 904 1006 963 utrum
1037 897 1152 962 verba:
1187 894 1283 982 qnod
1316 894 1360 961 dc
1385 893 1651 982 ipsissntrtrnm
1675 891 1719 958 sit
1741 914 1799 976 pro
1824 895 1985 958 sententia

176 1006 312 1072 relativa
345 1025 387 1070 an
421 1008 614 1089 quaestione
648 1007 807 1071 indirecta
841 1007 904 1070 sint
934 1006 1095 1070 habenda.
1143 1005 1329 1080 Muellerus,
1355 1003 1528 1068 commatis
1553 1006 1626 1083 post
1650 1020 1713 1065 aec
1736 1007 1767 1066 et
1792 999 1835 1065 sit
1858 1002 1983 1082 positis

177 1114 307 1189 indicat,
343 1133 379 1178 se
414 1114 499 1178 hanc
533 1115 728 1179 sententiam
763 1133 821 1196 pro
855 1114 1108 1194 interrogatione
1142 1112 1301 1176 indirecta
1331 1111 1462 1175 habere.
1512 1108 1576 1173 Sed
1601 1109 1698 1172 etiam
1723 1108 1985 1190 interpunctione

177 1221 303 1296 Klotzii,
329 1241 427 1304 quam
453 1241 552 1303 supra
576 1221 756 1297 retulimus
782 1228 915 1303 recepta
939 1221 1025 1284 haud
1051 1221 1120 1284 scio
1144 1239 1187 1283 an
1211 1220 1293 1283 haec
1318 1217 1417 1282 verba
1442 1217 1668 1300 quaestionem
1694 1216 1886 1280 indirectam
1904 1215 1985 1279 acei-

177 1348 253 1410 pere
287 1329 393 1404 liceat,
427 1329 521 1394 cuius
554 1329 748 1410 subjectum,
784 1328 873 1411 quod
907 1334 1036 1402 vocant,
1071 1346 1129 1408 per
1161 1327 1327 1408 prolepsin
1362 1345 1421 1407 pro
1445 1324 1575 1407 objecto
1605 1324 1787 1387 sententiae
1812 1323 1985 1404 primariae

177 1437 318 1517 positum
344 1437 394 1499 sit.
908 1440 931 1471 '¹

337 1543 405 1607 Fat.
439 1542 462 1628 ξ
494 1544 529 1607 4;
572 1562 615 1607 an
649 1544 737 1620 mihi,
771 1543 916 1625 inquam,
960 1546 1068 1622 potest
1100 1542 1279 1624 quidquam
1314 1558 1387 1604 esse
1420 1538 1604 1615 molestum,
1648 1538 1736 1620 quod
1770 1537 1827 1601 tibi
1859 1543 1985 1617 gratum

164 1648 337 1735 ,fetarum
360 1647 412 1714 stt.

337 1757 391 1821 Sic
416 1757 522 1832 codd,
548 1757 676 1834 Baiter,
702 1755 845 1821 Mueller.
894 1755 1041 1820 Klotzius
1065 1775 1139 1819 cum
1164 1754 1340 1835 Madvigio:
1366 1753 1509 1817 futurum
1533 1756 1590 1818 cst.
1640 1754 1758 1816 Postea
1775 1757 1883 1814 tamen
1901 1750 1985 1813 llad·

178 1865 281 1946 vigins
305 1884 398 1929 suam
423 1865 618 1928 sententiam
644 1864 788 1927 mutavit.
836 1862 912 1943 (Cir.
939 1863 1032 1927 Finn.
1058 1863 1108 1927 ed.
1134 1862 1174 1926 lll
1199 1881 1270 1943 pag.
1296 1861 1382 1946 740).

337 1972 432 2036 Tusc.
459 1972 470 2035 l
495 1971 517 2056 ξ
540 1972 596 2035 91;
622 1972 732 2053 itaque
756 1990 822 2034 non
847 1970 988 2035 deterret
1011 1971 1191 2052 sapientem
1218 1988 1305 2033 mors
1330 1970 1506 2051 quominus
1531 1966 1744 2048 reipublicae
1761 1966 1895 2046 suisque
1912 1983 1986 2027 eon-

177 2077 271 2154 salat,
298 2087 331 2142 ut
355 2080 578 2161 posteritatem
604 2078 719 2157 ipsam,
745 2077 839 2141 cuius
864 2096 997 2143 sensum
1022 2074 1206 2142 habiturus
1230 2095 1295 2140 non
1321 2075 1372 2147 sit,
1398 2077 1498 2140 adse
1523 2075 1809 2157 putetpertinere.
1857 2070 1929 2150 Qua
1953 2090 1987 2134 re

178 2184 253 2249 licet
285 2187 382 2249 ctiam
418 2185 590 2250 mortalem
624 2202 696 2247 esse
731 2184 874 2248 animam
904 2185 1109 2266 judicantem
1134 2188 1267 2247 aeterna
1292 2183 1407 2258 moliri,
1435 2203 1500 2247 non
1524 2181 1647 2264 gloriae
1671 2181 1859 2261 cupiditate,
1886 2196 1983 2260 quam

177 2311 345 2357 sensurus
370 2312 436 2356 non
460 2290 511 2357 stt.

339 2399 439 2464 lbdm.
473 2398 495 2485 ξ
528 2399 585 2463 96:
620 2416 718 2480 quam
745 2397 825 2462 illud
849 2400 909 2463 iter
929 2399 1112 2481 jucundum
1137 2415 1210 2462 esse
1235 2398 1340 2472 debet,
1367 2417 1432 2478 quo
1456 2397 1608 2462 coniecto
1634 2396 1723 2461 nulla
1748 2393 1873 2475 reliqua
1897 2411 1986 2467 cura,

179 2505 269 2569 nulla
294 2506 481 2571 sollicitudo
493 2502 629 2591 sature
651 2503 703 2569 sit.
1684 2573 1685 2576 ,

338 2613 432 2677 Finn.
458 2612 498 2676 lll
521 2611 543 2697 ξ
566 2613 623 2676 64ε
649 2618 737 2676 certe
761 2631 874 2678 verum
899 2621 948 2679 est
972 2614 1069 2678 etiam
1094 2613 1142 2687 iis,
1169 2613 1223 2694 qui
1242 2610 1420 2693 aliquando
1435 2608 1550 2693 saturi
1564 2609 1641 2687 sint,
1659 2631 1732 2676 esse
1749 2619 1882 2694 propter
1898 2613 1988 2693 ipsos

178 2719 427 2785 consulendum.

339 2824 397 2892 Off.
423 2825 449 2890 ll
473 2825 495 2911 ξ
520 2825 577 2890 55;
603 2826 729 2908 prodigi
753 2827 912 2907 pecunias
935 2825 1138 2908 profundunt
1161 2827 1194 2890 in
1218 2845 1274 2891 eas
1298 2846 1359 2901 res,
1395 2845 1533 2910 quarum
1559 2827 1750 2890 memoriam
1774 2835 1831 2891 ant
1855 2828 1987 2892 brevem

178 2941 234 2997 aut
259 2934 381 2997 nullam
407 2933 541 2997 omnino
565 2930 636 2997 sint
658 2929 824 2998 relicturi.

337 3038 401 3104 Ait.
435 3040 515 3116 Vlll,
550 3038 580 3115 3,
615 3040 649 3103 2:
683 3040 958 3106 considerandum
993 3047 1051 3114 est,
1086 3040 1170 3103 sitne
1203 3040 1263 3103 viri
1298 3039 1389 3103 sortis
1413 3045 1445 3103 et
1469 3040 1545 3104 boni
1573 3041 1654 3104 ciris
1678 3060 1751 3105 esse
1775 3042 1808 3104 in
1833 3061 1872 3105 ea
1899 3042 1987 3115 urbe,

178 3149 211 3210 in
247 3166 320 3230 qua,
356 3167 456 3230 quum
491 3148 628 3212 summis
663 3147 845 3211 honoribus
878 3149 1088 3230 imperiisque
1117 3166 1197 3210 usus
1221 3149 1271 3222 sit,
1307 3167 1360 3211 res
1385 3148 1544 3211 maximas
1567 3150 1712 3228 gesserit,
1739 3150 1923 3213 sacerdotio
1949 3150 1989 3212 sit

178 3255 381 3336 amplissimo
405 3254 581 3338 praeditus
607 3255 626 3336 †
650 3251 882 3340 nonsnturus
906 3254 1180 3336 subeundumque
1204 3254 1385 3336 periculum
1411 3256 1452 3318 sit
1475 3274 1550 3318 cum
1566 3254 1677 3338 aliquo
1695 3257 1714 3338 †
1732 3257 1799 3320 lore
1816 3257 1988 3330 dedecore,

178 3364 205 3425 si
231 3364 364 3446 quando
388 3363 567 3444 Pompeius
591 3379 660 3426 rem
685 3361 850 3443 publicam
875 3361 1085 3444 recuperarit.

339 3470 394 3535 Sic
427 3469 583 3534 Wesenb.
640 3468 803 3534 Baiterus:
837 3470 869 3532 iu
903 3488 968 3551 qua
1001 3487 1128 3532 nemea
1163 3468 1299 3547 iuturus,
1334 3469 1607 3552 subeundumque
1632 3470 1813 3552 periculum
1839 3473 1889 3547 sit,
1914 3491 1989 3534 cum

178 3577 288 3660 aliquo
313 3577 381 3643 lore
406 3577 577 3654 dedecore,
603 3577 630 3640 si
655 3575 788 3659 quando
813 3582 875 3639 etc.

338 3681 481 3748 Nomen
505 3682 632 3748 iuturus
656 3682 725 3748 Jac.
752 3681 946 3747 Gronovius.

339 3790 459 3866 Lectio,
485 3809 582 3873 qnam
609 3790 758 3854 Baiterus
782 3790 914 3872 recepit,
941 3790 1018 3853 milri
1043 3808 1110 3853 non
1127 3790 1304 3854 admodum
1323 3791 1439 3872 placet,
1457 3799 1631 3873 propterea
1647 3792 1735 3875 quod
1753 3799 1828 3873 post
1849 3812 1989 3856 »nomen

179 3897 325 3961 iuturus»
363 3898 459 3961 nimis
493 3897 565 3961 leve
597 3905 627 3960 et
662 3896 850 3978 languidum
885 3897 1013 3960 videtur
1036 3897 1068 3960 id
1093 3897 1182 3979 quod
1206 3899 1365 3979 sequitur:
1397 3899 1580 3980 periculum
1604 3900 1811 3963 subeundum
1836 3900 1886 3973 sit,
1912 3918 1991 3963 carn

179 4002 299 4089 otique
321 4001 401 4086 fore
425 4000 607 4069 dedecore.
656 4004 809 4068 Fortasse
834 4003 1026 4085 legendum:
1051 4005 1085 4067 in
1110 4023 1175 4087 qua
1200 4023 1265 4068 non
1290 4007 1360 4070 sine
1385 4007 1496 4089 aliquo
1516 4007 1678 4073 dedecore
1696 4006 1832 4082 iuturus,
1851 4006 1991 4070 subeun-

178 4113 322 4194 dumque
346 4111 528 4192 periculum
553 4112 603 4188 sit,
629 4114 682 4176 si.
704 4162 710 4174 .
729 4161 760 4176 ..

338 4218 448 4284 Facile
482 4220 570 4284 enim
599 4220 704 4301 potuit
736 4218 816 4284 illud
855 4238 948 4283 rcum
972 4219 1083 4301 aliquo
1108 4219 1288 4284 dedecore»
1316 4221 1350 4284 in
1375 4223 1520 4303 margine
1546 4230 1580 4286 ut
1603 4221 1714 4303 glossa
1738 4222 1780 4285 ad
1811 4240 1895 4285 »non
1919 4223 1991 4285 sine

178 4329 289 4411 aliquo
313 4326 496 4392 dedecore»
523 4327 666 4408 positum
691 4327 767 4390 inde
791 4327 824 4390 in
848 4319 1242 4408 contextum‘irrepsisse,
1268 4328 1356 4411 qnod
1381 4349 1482 4411 quum
1508 4329 1629 4393 laetum
1650 4335 1746 4402 esset,
1761 4328 1879 4392 verba:
1903 4329 1991 4392 »sine

178 4435 288 4518 aliquo
314 4432 495 4497 dedecore»
522 4432 629 4498 deleta
652 4441 728 4497 sunt
752 4441 784 4498 et
810 4433 919 4498 olore»
945 4433 1101 4497 additum.

336 4539 400 4604 Att.
425 4539 506 4612 Vlll,
534 4540 583 4615 14,
609 4541 643 4604 2:
669 4560 768 4623 quarn
793 4541 899 4606 triduo
923 4538 1073 4606 sciturus
1097 4539 1154 4605 sis.

338 4647 393 4728 Ep.
420 4647 461 4711 ad
485 4647 574 4711 Brut.
600 4647 621 4721 1,
647 4647 677 4723 4,
702 4648 737 4711 4:
751 4645 886 4734 futura
908 4646 960 4712 sit.

338 4754 426 4818 Fam.
459 4754 511 4831 lV,
545 4755 576 4830 7,
606 4754 640 4818 5:
654 4751 789 4840 futura
811 4753 872 4835 sit,·
896 4755 946 4828 Vl,
972 4756 1002 4831 4,
1027 4755 1062 4819 4:
1076 4752 1229 4841 saturus
1252 4754 1312 4836 sr't,·
1336 4756 1388 4833 Vl,
1419 4761 1465 4833 lt),
1485 4757 1522 4820 3:
1548 4758 1589 4821 sit
1607 4755 1785 4836 saltrenen·
1809 4755 1878 4831 XV,
1895 4757 1944 4830 11,
1963 4758 1992 4819 l:

166 4855 338 4944 secturus
360 4858 436 4925 sim.
482 4865 535 4943 Ep.
560 4862 601 4925 ad
626 4862 685 4942 Qu.
711 4860 747 4926 fr.
774 4862 796 4940 l,
824 4864 851 4939 1,
879 4862 933 4927 10:
959 4859 1113 4927 babituri
1135 4860 1211 4927 sint.
1261 4863 1401 4928 Herenn.
1428 4863 1479 4940 lV,
1504 4865 1562 4929 332
1588 4864 1706 4928 deinde
1730 4862 1923 4944 subjicimus
1950 4865 1993 4943 id,

179 4966 267 5049 quod
291 4972 419 5047 oportet
443 4969 507 5032 dici
534 4966 599 5054 [aut
622 4988 689 5034 non
714 4969 862 5056 oportetl,
888 4971 976 5053 <quod
1001 4979 1057 5036 aut
1079 4973 1174 5037 nobis
1191 4972 1381 5053 adjumento
1386 4970 1558 5058 satarum
1574 4969 1619 5036 sit
1633 4977 1689 5034 aut
1707 4970 1769 5033 illis
1787 4965 1996 5058 olisntnr’ura

179 5092 197 5136 e
230 5075 406 5140 contrarie.
464 5074 519 5139 Sic
552 5080 686 5158 Kayser.
743 5077 851 5141 Klotz:
887 5078 975 5159 quod
1008 5085 1137 5161 oportet
1169 5080 1233 5143 dici
1266 5087 1323 5143 aut
1357 5098 1423 5144 non
1448 5087 1575 5160 oportet
1600 5085 1655 5142 aut
1680 5078 1775 5142 nobis
1799 5079 1997 5160 adjumento

174 5176 338 5262 ficturum
362 5184 413 5245 est
434 5189 492 5245 aut
515 5189 575 5247 etc.
