4274 5790
203 240 245 302 52

158 435 219 497 ego
251 422 433 481 extremum
466 434 713 498 proposueram,
748 435 848 498 quum
874 445 914 468 ==
940 415 1028 498 quod
1061 415 1140 478 mihi
1173 433 1233 496 ego
1257 421 1292 478 ut
1315 421 1498 480 extremum
1523 420 1697 479 tractarem
1721 432 1971 496 proposueram,

158 542 257 605 quum
291 523 600 587 essem-dleturus.
649 521 702 587 Or.
737 529 839 586 recta:
874 521 953 585 illud
986 528 1167 586 extremum
1200 521 1358 597 tractabo,
1392 542 1491 604 quum
1517 522 1557 587 de
1580 521 1657 586 belli
1681 540 1800 603 genere
1824 523 1973 586 dicturus

158 649 231 693 sum
255 629 274 692 l.
300 629 416 694 dicam.
466 627 531 693 Sed
555 648 632 692 cum
657 647 697 692 ea
720 630 901 693 intercedat
924 629 1080 710 temporis
1103 630 1186 693 ratio
1210 629 1295 693 inter
1316 635 1489 712 utramque
1513 629 1718 705 sententiam,
1741 635 1777 692 ut
1793 635 1875 693 sent,
1892 635 1973 693 tem·

158 736 279 818 poralis
312 737 475 800 actionem
509 736 674 818 quandam
708 735 880 800 durantem
913 743 945 799 et
978 735 1118 799 futuram
1153 737 1349 817 pronuntiet,
1384 737 1416 799 in
1452 754 1549 818 quam
1574 736 1696 801 ineidat
1717 736 1751 800 id
1774 736 1862 817 quod
1886 743 1970 801 sent.

158 843 321 925 profertur
354 843 516 924 primaria
552 861 659 926 neque
692 849 830 925 utraque
863 844 949 907 acho
979 843 1077 924 plane
1101 842 1248 906 eiusdem
1273 844 1428 924 temporis
1452 845 1502 920 sit,
1529 840 1768 927 corp'uuctiuus
1786 840 1972 928 periphra-

157 947 262 1015 sticos
286 950 439 1014 nimirum
464 950 670 1014 necessarius
695 955 754 1014 est.

710 1420 1048 1533 Enuntutiones
1086 1421 1413 1535 consecutivae.

316 1628 352 1691 In
369 1627 648 1692 enuntiationibus
666 1629 886 1691 consecutivis
904 1633 1029 1691 tantum
1044 1627 1244 1709 conjunctivi
1256 1627 1451 1711 proesentis
1464 1630 1562 1694 lutari
1576 1632 1802 1713 periphrasIIci
1818 1630 1974 1712 exempla

157 1735 278 1798 inveni.
327 1733 497 1798 Sententia
530 1735 743 1798 consecutiva
775 1739 831 1797 aut
864 1733 944 1797 nulli
973 1733 1189 1798 obnoxiaest
1213 1735 1400 1800 condinioni
1425 1743 1481 1800 aut
1505 1737 1665 1819 apodosio
1691 1738 1790 1803 elficit
1814 1738 1974 1821 hypothe-

163 1841 269 1905 ticam.

577 1991 599 2055 Ι.
646 1990 815 2056 Sententia
838 1993 1051 2056 consecutiva
1075 1991 1155 2056 nulli
1179 1991 1323 2057 obnoxia
1346 1994 1543 2060 condicioni.

318 2117 408 2197 Quae
433 2116 497 2181 huc
521 2119 685 2199 pertinent
707 2117 867 2200 exempla,
892 2118 924 2180 in
950 2117 1103 2182 omnibus
1120 2135 1225 2199 paene
1241 2117 1280 2181 iis
1297 2120 1527 2202 conjunctivus
1546 2140 1650 2202 praes.
1671 2121 1726 2186 lut.
1745 2122 1975 2204 periphrastici

160 2224 357 2306 objectivam
381 2223 479 2288 luturi
505 2225 661 2306 temporis
685 2225 751 2288 va
775 2224 884 2289 habet.

320 2329 394 2395 Sex.
425 2331 522 2395 Rosc.
547 2329 570 2417 ξ
596 2331 650 2394 12;
685 2332 827 2413 petimus
850 2330 973 2406 abste,
997 2330 1038 2394 M.
1063 2331 1177 2406 Fanni,
1202 2349 1222 2394 a
1246 2331 1414 2414 vobIsque,
1436 2331 1575 2413 judices,
1601 2340 1636 2397 ut
1660 2372 1701 2381 —
1726 2335 1789 2400 hoc
1813 2337 1973 2419 cogitetis,

158 2438 220 2500 nisi
254 2439 288 2500 iu
321 2437 382 2501 hac
412 2455 514 2502 causa
538 2439 593 2520 qui
617 2444 726 2502 vester
749 2439 878 2502 animus
901 2438 941 2501 sit
964 2437 1181 2512 ostenderitis,
1207 2456 1247 2502 eo
1271 2457 1483 2521 prorumpere
1507 2439 1678 2505 hominum
1702 2442 1915 2524 cupiditatem
1942 2451 1975 2510 et

158 2544 266 2608 scelus
291 2551 323 2608 et
345 2545 528 2621 audaciam,
553 2551 588 2608 ut
612 2564 680 2609 non
704 2545 802 2609 modo
827 2544 921 2619 clam,
946 2563 1061 2609 verum
1085 2546 1183 2609 etiam
1207 2544 1259 2609 hic
1284 2546 1317 2608 in
1342 2545 1413 2610 loro
1436 2547 1556 2611 caedes
1567 2544 1721 2634 suturae
1743 2546 1820 2613 sint.

319 2650 354 2713 In
379 2650 470 2715 Verr.
496 2656 557 2715 act.
584 2650 596 2714 Ι
619 2650 641 2737 ξ
663 2652 698 2714 7:
724 2651 874 2734 intelligit
897 2670 949 2716 me
973 2652 1017 2715 ita
1040 2659 1189 2733 paratum
1214 2658 1312 2734 atque
1336 2653 1531 2717 instructum
1555 2655 1588 2718 in
1608 2656 1770 2736 jndicmm
1795 2658 1916 2733 venire,
1940 2663 1976 2721 ut

158 2774 223 2820 non
250 2757 348 2822 modo
372 2758 405 2821 in
429 2757 563 2822 auribus
586 2759 713 2834 vestris,
738 2759 796 2822 sed
821 2759 853 2821 in
878 2758 983 2822 oculis
1006 2760 1152 2822 omnium
1177 2777 1237 2822 sua
1261 2758 1345 2823 lurta
1368 2764 1466 2842 atque
1490 2760 1610 2842 flagitia
1635 2759 1825 2852 defixurus
1848 2761 1926 2828 sim.

318 2863 365 2927 De
391 2864 475 2945 Lege
500 2863 574 2946 Agr.
600 2883 646 2929 or.
673 2865 684 2928 Ι
708 2864 731 2951 ξ
747 2866 803 2930 25:
830 2866 908 2929 mihi
926 2865 1141 2930 deliberatum
1158 2871 1190 2929 et
1207 2866 1421 2929 constitutum
1438 2872 1488 2929 est
1502 2867 1547 2930 ita
1562 2886 1674 2950 gerere
1692 2871 1901 2935 consulatum
1920 2910 1972 2947 -,

158 2976 194 3034 ut
225 2989 332 3053 neque
365 2971 567 3052 provinciam
601 2990 708 3055 neque
742 2972 901 3037 honorem
993 2990 1100 3054 neque
1133 2990 1202 3036 rem
1235 2971 1345 3048 ullam,
1380 2991 1465 3055 quae
1494 2973 1668 3039 atrIbuno
1692 2976 1798 3059 plebis
1822 2978 1973 3060 impediri

158 3077 272 3159 possit,
297 3075 513 3161 appetiturus
536 3076 613 3142 sim.
1861 3071 1863 3075 ⁷

318 3185 382 3249 Pro
412 3183 567 3249 Marcello
599 3204 645 3249 or.
677 3182 700 3269 ξ
732 3184 789 3249 30:
824 3185 856 3248 id
889 3191 997 3250 autem
1023 3186 1121 3249 etiam
1144 3186 1171 3248 si
1196 3192 1264 3249 tum
1287 3185 1327 3250 ad
1352 3192 1383 3250 te
1410 3223 1448 3233 -
1474 3205 1541 3251 non
1565 3188 1748 3270 pertinebit,
1774 3209 1862 3255 nunc
1884 3198 1973 3257 certe

159 3292 298 3373 pertinet
321 3310 394 3355 esse
418 3299 449 3356 te
474 3291 582 3366 talem,
608 3299 643 3355 ut
666 3299 740 3355 tuas
762 3292 877 3356 laudes
901 3289 1134 3358 obscuratura
1157 3292 1247 3356 nulla
1271 3312 1428 3376 umquam
1452 3291 1497 3357 sit
1518 3293 1650 3358 oblivio.

319 3399 372 3465 Or.
399 3399 479 3464 Phil.
505 3399 575 3463 VIII
597 3398 620 3485 ξ
643 3399 700 3463 32;
726 3418 792 3464 non
816 3403 903 3463 enim
927 3401 972 3463 ita
996 3400 1138 3481 gerImus
1163 3419 1222 3464 nos
1247 3400 1310 3465 hoe
1335 3400 1421 3465 bello
1445 3401 1646 3477 consulares,
1673 3409 1707 3466 ut
1729 3421 1836 3486 aequo
1862 3405 1974 3469 auimo

160 3508 302 3590 populus
326 3508 497 3571 Romanus
523 3504 661 3573 uisurus
684 3503 728 3570 sit
751 3507 854 3570 nostri
877 3506 1013 3570 honoris
1036 3507 1186 3588 insignia.

320 3613 374 3679 Or.
399 3614 481 3678 Phil.
507 3613 551 3677 Ill
574 3612 597 3699 ξ
623 3614 677 3677 11;
704 3613 767 3677 hoc
785 3619 912 3677 statuae
929 3613 1131 3677 monimento
1149 3632 1216 3677 non
1232 3619 1304 3693 eget
1322 3611 1402 3700 (Ser.
1423 3611 1616 3700 Sulpicius);
1641 3614 1740 3680 habet
1755 3615 1819 3680 alia
1833 3617 1973 3699 majora:

160 3721 242 3785 haec
267 3722 354 3785 enim
378 3727 487 3784 statua
509 3721 623 3784 mortis
646 3720 805 3784 honestae
830 3720 921 3783 testis
945 3721 1014 3794 erit,
1040 3718 1094 3783 illa
1119 3720 1276 3784 memoria
1300 3720 1385 3783 vitae
1409 3719 1581 3801 gloriosae,
1607 3726 1643 3784 ut
1665 3720 1729 3785 hoc
1752 3723 1855 3803 magIs
1873 3725 1975 3788 moni-

162 3834 307 3892 mentum
333 3829 416 3909 grati
439 3834 574 3892 senatus
598 3845 695 3910 quam
719 3827 799 3891 clari
823 3827 882 3889 viri
904 3823 1066 3906 futurum
1090 3824 1141 3891 sit.

319 3934 356 3998 N.
383 3934 418 3998 D.
444 3934 456 3998 Ι
478 3932 501 4019 ξ
525 3934 582 3998 53:
608 3934 719 3998 docuit
743 3936 830 3997 euim
856 3952 917 3997 nos
940 3933 1036 4008 idem,
1061 3935 1116 4015 qui
1140 3938 1260 4006 cetera,
1285 3969 1328 3978 -
1352 3940 1418 3996 tam
1443 3951 1515 3997 eam
1541 3952 1608 3998 rem
1626 3952 1699 3999 esse
1717 3933 1846 4001 facilem
1868 3975 1902 3983 -
1919 3975 1974 4014 -,

159 4048 195 4104 ut
218 4041 475 4106 innumerabiles
499 4047 616 4105 natura
639 4041 780 4105 mundos
805 4036 975 4126 effectura
999 4037 1051 4119 sit,
1076 4038 1205 4115 efficiat,
1231 4038 1384 4103 ellecerit.

318 4147 387 4211 Div.
412 4147 424 4211 Ι
448 4151 468 4228 ξ
493 4146 569 4211 130;
595 4165 671 4210 nam
696 4148 723 4210 si
748 4145 920 4211 obscurior
944 4147 1037 4229 quasi
1062 4146 1242 4227 caliginosa
1266 4145 1361 4209 stella
1385 4146 1552 4221 exstiterIt,
1578 4147 1697 4227 pingue
1722 4154 1754 4213 et
1782 4156 1975 4214 concretum

159 4271 231 4317 esse
256 4253 384 4317 caelum
409 4253 466 4338 (sc.
493 4255 719 4335 conjecturam
743 4254 877 4335 capiunt
901 4251 979 4338 Cei),
1005 4260 1039 4316 ut
1064 4253 1134 4316 eius
1158 4253 1314 4334 aspiratio
1337 4254 1444 4332 gravis
1470 4259 1502 4317 et
1526 4253 1682 4334 pestilens
1695 4250 1830 4340 sutura
1853 4254 1905 4320 sit.

319 4360 383 4425 Au.
417 4361 500 4436 XIV,
528 4363 582 4425 11:
617 4361 664 4424 sic
693 4361 789 4424 alitur
812 4361 1018 4425 consuetudo
1042 4360 1241 4441 perditarum
1265 4360 1474 4440 concionum,
1498 4366 1533 4423 ut
1558 4361 1660 4423 nostri
1685 4359 1730 4423 illi
1755 4380 1821 4424 non
1844 4361 1974 4438 heroes,

159 4468 216 4532 sed
240 4468 272 4531 di
284 4465 409 4553 sutori
432 4468 565 4552 quidem
590 4468 622 4531 in
646 4467 749 4549 gloria
773 4471 973 4549 sempiterna
996 4463 1072 4541 sint,
1098 4466 1156 4530 sed
1181 4484 1248 4528 non
1273 4467 1344 4530 sine
1361 4466 1492 4542 invidia,
1519 4485 1560 4531 ne
1577 4468 1648 4531 sine
1666 4467 1812 4548 periculo
1830 4469 1974 4550 quidem.

318 4574 382 4639 Au.
408 4575 477 4652 XV,
503 4575 533 4655 2,
561 4576 588 4638 1:
615 4575 829 4658 quamobrem
855 4574 886 4637 id
911 4573 1042 4657 quidem
1068 4574 1116 4637 sic
1140 4579 1331 4654 susceptum
1356 4579 1406 4638 est
1430 4574 1518 4650 mihi,
1544 4580 1579 4637 ut
1603 4573 1683 4637 nibil
1707 4571 1775 4638 sim
1791 4570 1976 4640 habiturus

160 4682 335 4765 antiquius.

320 4789 411 4853 Ibdm
445 4789 475 4865 5,
505 4791 540 4853 3:
575 4788 679 4852 Varro
703 4793 813 4851 autem
838 4793 950 4851 noster
972 4787 1014 4850 ad
1039 4805 1090 4850 me
1115 4786 1287 4866 epistolam
1312 4788 1399 4850 misit
1422 4824 1466 4832 —
1489 4787 1522 4849 in
1547 4805 1613 4868 qua
1636 4788 1793 4869 scriptum
1819 4794 1897 4863 erat,
1923 4807 1974 4854 ve-

159 4904 292 4961 teranos
319 4934 356 4942 -
382 4894 624 4976 improbissime
648 4896 746 4979 loqui,
773 4903 807 4959 ut
831 4914 949 4978 magno
974 4895 1120 4977 periculo
1146 4895 1271 4958 Romae
1294 4889 1506 4980 sintfutur'r',
1541 4893 1596 4974 qui
1620 4892 1662 4955 ab
1686 4912 1800 4958 eorum
1824 4895 1974 4976 partibus

159 5004 333 5068 dissentire
358 5003 540 5066 videantur.

320 5111 382 5174 Att.
416 5109 498 5185 XVI,
532 5109 562 5185 5,
588 5110 622 5173 2:
657 5111 704 5174 sic
737 5111 824 5176 enim
858 5117 907 5174 est
939 5115 1159 5173 commutatos
1184 5114 1271 5172 totus
1301 5144 1347 5184 -,
1372 5114 1407 5170 ut
1430 5107 1484 5170 tali
1509 5108 1619 5171 animo
1644 5107 1677 5170 in
1701 5126 1769 5172 rem
1796 5107 1974 5189 publicam,

160 5217 249 5301 quali
277 5238 338 5284 nos
361 5217 523 5294 volumus,
536 5213 690 5303 suturas
712 5215 764 5283 sit.
