4274 5790
205 230 355 322 as'

319 435 420 499 lbdm.
447 435 484 499 lll
509 436 532 521 ξ
556 436 590 499 9;
618 437 672 518 qui
698 443 785 500 tutae
810 436 855 498 rei
879 445 1059 516 praeponet
1083 437 1241 499 rationem
1268 435 1449 511 honestam,
1477 435 1526 498 his
1550 436 1632 500 locis
1657 441 1778 499 utetur:
1810 474 1843 481 -
1863 473 1905 480 —
1922 472 1965 480 -

158 544 209 607 vel
233 543 391 620 dolorem,
416 544 444 607 si
468 543 628 618 timeatur,
653 543 705 607 vel
728 541 1075 607 mortem-dedecore
1099 551 1131 606 et
1154 541 1288 606 infamia
1312 542 1469 607 leviorem
1493 560 1575 617 esse,
1593 542 1803 606 considerare
1821 541 1968 624 quaesit

158 651 322 732 turpitudo
348 651 588 714 consecutura:
614 656 648 714 at
672 669 738 714 non
753 649 1029 713 immortalitatem
1048 668 1152 732 neque
1172 655 1338 714 aeternam
1357 648 1613 715 incolumitatem
1631 650 1789 731 consequi
1808 687 1845 695 -
1862 688 1905 696 -
1921 688 1965 696 —

317 756 374 821 lnf.
405 758 652 822 »considerares
679 758 831 822 nimirum
856 756 996 821 difficilis
1020 756 1132 820 estad
1157 756 1396 839 explicandum.
1429 755 1569 823 Orellius
1586 755 1675 836 legit:
1700 774 1736 820 se
1754 757 1963 822 considerare

157 864 211 952 (=
246 862 440 951 loquentes).
488 865 654 947 Kayserus
691 861 918 929 considerare
951 864 1046 928 uncis
1080 863 1211 929 inclusit
1244 870 1342 947 alque
1376 884 1435 947 pro
1472 862 1675 945 ›turpitudm
1713 861 1963 948 turpitudinem

157 971 330 1054 legendum
355 977 454 1054 putat.
503 971 609 1049 Fals0,
633 972 742 1036 credo.
790 971 872 1035 Nam
897 978 1046 1053 apertum
1071 976 1129 1046 est,
1155 978 1223 1036 turn
1247 971 1450 1053 particulam,
1472 989 1556 1055 quae
1572 976 1622 1034 est
1638 973 1683 1045 ut,
1703 971 1823 1036 nullam
1842 972 1963 1037 habere

158 1078 360 1162 probabilem
377 1097 522 1153 causam,
540 1098 599 1143 cur
613 1079 734 1161 scripta
752 1080 802 1143 sit.
833 1077 1006 1144 Schiitzius
1023 1086 1157 1145 auctore
1171 1078 1310 1145 Graevio
1325 1078 1498 1160 legendum
1510 1083 1636 1142 censet:
1654 1074 1961 1143 considerandum..

157 1187 309 1251 Fortasse
339 1191 525 1267 »oporteret
553 1192 603 1250 est
625 1186 821 1250 addendum.
870 1186 964 1266 Quod
989 1186 1120 1269 quidem
1145 1205 1211 1251 non
1236 1186 1394 1251 audacius
1412 1204 1485 1250 esse
1502 1184 1631 1249 videtur
1646 1203 1745 1267 quam
1764 1204 1864 1268 quum
1881 1185 1962 1268 Kay-

157 1312 251 1359 serus
274 1293 397 1357 Invent.
422 1292 449 1356 ll
473 1291 496 1379 ξ
521 1294 585 1358 130
612 1293 813 1376 ‚oportehio
839 1293 973 1367 addidit,
998 1293 1055 1358 ubi
1079 1293 1230 1359 codicum
1255 1294 1353 1358 lectio
1377 1300 1441 1359 est:
1467 1293 1584 1358 deinde
1608 1293 1694 1356 hanc
1718 1292 1874 1357 inducere
1891 1313 1962 1375 par-

159 1401 313 1464 titionem.
362 1399 403 1465 Ut
424 1399 480 1464 illo
505 1400 579 1465 loco
603 1400 816 1483 gerundivum
841 1402 874 1465 in
899 1401 1045 1482 proxime
1070 1401 1339 1466 antecedentibus
1363 1400 1470 1465 verbis
1490 1402 1587 1466 inest:
1613 1399 1753 1483 primum
1771 1401 1830 1463 erit
1847 1407 1962 1466 contra

158 1508 342 1584 dicendum,
368 1508 415 1572 sic
439 1508 503 1573 hoc
527 1508 601 1572 loco
625 1508 806 1589 praecedit:
832 1509 983 1573 virtutem
1008 1509 1098 1573 nullo
1123 1516 1269 1592 tempore
1294 1509 1557 1592 relinquendam;
1581 1508 1668 1572 unde
1686 1506 1860 1584 concludo,
1877 1508 1964 1573 Klot-

159 1618 243 1682 zium
268 1615 442 1698 utrobique
467 1617 635 1681 censuisse
664 1621 852 1698 »oporteres
880 1634 953 1680 esse
977 1615 1186 1681 audiendum.

319 1721 501 1788 Sententia:
535 1742 628 1807 quac
655 1721 700 1788 sit
722 1720 898 1807 turpitudo
923 1725 1151 1788 consecutura
1173 1722 1329 1806 apodosis
1354 1727 1403 1787 est
1426 1722 1567 1804 protasis
1589 1720 1698 1787 verbis
1721 1721 1808 1785 illius
1833 1722 1964 1805 quidem

159 1851 227 1896 non
250 1848 434 1914 expressae,
459 1831 518 1895 sed
542 1849 626 1914 quae
650 1829 745 1896 facile
770 1830 875 1895 audiri
898 1831 1016 1913 possit:
1042 1831 1070 1894 si
1093 1830 1302 1895 incolumitas
1326 1830 1485 1895 honestae
1509 1829 1627 1892 rationi
1651 1834 1882 1912 praeponatur.

255 1935 258 1939 ’
319 1937 489 2002 Postremo
514 1945 563 2001 est
587 1937 838 2013 observandum,
864 1937 1059 2001 infinitivum
1082 1939 1264 2019 praesentis
1282 1937 1454 2019 simplicis:
1480 1934 1647 2020 consequi
1661 1956 1737 2001 cum
1754 1936 1966 2018 conjunctivo

160 2046 342 2128 praesentis
375 2044 431 2109 fut.
464 2045 606 2128 periphr.
641 2063 713 2109 esse
747 2044 961 2127 conjunctum
994 2046 1028 2109 in
1063 2044 1193 2109 duobus
1216 2044 1281 2109 illis
1304 2043 1491 2120 enuntiatis,
1517 2061 1602 2126 quae
1625 2062 1685 2126 pro
1709 2043 1840 2125 objecto
1863 2043 1966 2119 verbi,

161 2153 248 2237 quod
273 2158 322 2217 est
345 2148 581 2233 considerare,
607 2151 721 2217 haberi
743 2159 891 2235 possunt.

320 2259 443 2323 Eodem
468 2260 566 2325 modo
590 2259 792 2341 conjunctivi
816 2259 998 2341 praesentis
1022 2257 1079 2323 fut.
1104 2258 1245 2341 periphr.
1270 2267 1302 2323 et
1326 2277 1431 2341 praes.
1457 2257 1615 2340 simplicis
1639 2257 1807 2340 conjuncti
1831 2263 1908 2321 sunt

321 2367 462 2431 Herenn.
487 2366 560 2452 11§
583 2365 640 2430 48:
666 2368 779 2431 tertius
803 2366 897 2431 locus
921 2371 979 2442 est,
1004 2384 1070 2449 quo
1094 2371 1334 2448 percontamur,
1360 2366 1437 2448 quid
1462 2363 1506 2431 sit
1528 2369 1743 2440 euenturum,
1768 2366 1796 2429 si
1814 2365 1969 2429 omnibus

162 2474 247 2539 idem
271 2473 480 2551 coucedatur,
507 2479 547 2551 et,
573 2491 670 2539 aare
695 2474 852 2555 neglecta,
878 2473 956 2556 quid
980 2473 1201 2555 periculorum
1225 2479 1322 2556 atque
1348 2474 1630 2537 incommodorum
1656 2477 1898 2557 consequatur.

321 2579 387 2645 Inv.
413 2580 426 2644 Ι
448 2579 471 2667 ξ
497 2581 573 2646 101;
599 2583 712 2646 tertius
736 2581 830 2646 locus
854 2587 912 2659 est,
938 2599 1116 2665 perquem
1141 2582 1339 2665 quaerimus
1365 2580 1521 2663 quidnam
1545 2578 1589 2645 sit
1607 2585 1820 2656 euenturum,
1836 2581 1863 2643 si
1882 2580 1969 2645 idem
1998 2656 2000 2660 ¹

162 2688 282 2753 caeteri
307 2687 437 2753 faciant.

321 2797 424 2862 lbdm.
457 2797 483 2860 ll
515 2794 538 2882 ξ
570 2795 627 2860 54:
667 2796 743 2859 item
777 2794 994 2860 infirmabitur
1022 2795 1295 2873 (adversariorum
1329 2795 1504 2878 descriptio
1538 2795 1740 2876 majestatem
1775 2795 1969 2878 minuendi),

162 2905 190 2969 si
215 2942 254 2951 -
281 2922 366 2987 quae
389 2903 600 2968 incommoda
624 2907 853 2968 consecuturo
877 2899 946 2967 siut
968 2920 1008 2966 eo
1032 2920 1193 2966 concesso
1219 2903 1418 2967 ostendetur.

322 3010 412 3075 lbdm
445 3010 472 3074 ll
503 3007 526 3095 ξ
558 3009 614 3074 86;
648 3010 849 3074 considerari
882 3016 1041 3092 oportere,
1076 3008 1153 3092 quid
1188 3009 1264 3073 mali
1284 3007 1456 3096 futurum
1479 3008 1524 3075 sit
1555 3049 1597 3088 -,
1628 3010 1690 3074 nisi
1714 3015 1804 3073 tanta
1830 3009 1967 3074 audacia

164 3157 206 3166 -
229 3118 394 3183 vindicata
417 3136 463 3182 sc.
488 3117 538 3181 sit.

322 3224 386 3289 Pro
419 3223 456 3288 Α.
482 3221 625 3288 Caecina
648 3240 695 3287 or.
719 3220 742 3306 ξ
765 3221 824 3287 35:
858 3241 992 3306 quaero,
1016 3225 1044 3288 si
1069 3232 1098 3288 te
1123 3225 1221 3290 hodie
1245 3224 1378 3289 domum
1403 3226 1596 3291 redeuntem
1621 3227 1727 3290 coacti
1751 3225 1902 3290 homines
1928 3262 1971 3270 --

164 3332 253 3396 aditu
277 3331 511 3413 prohibuerint,
537 3330 615 3414 quid
640 3331 783 3394 acturus
807 3327 862 3393 sis.

328 3438 487 3503 »licturus
519 3439 582 3502 sis»
619 3442 727 3519 potest
760 3453 833 3501 esse
866 3441 973 3500 ortum
1007 3455 1061 3501 ex:
1088 3437 1166 3519 quid
1190 3438 1297 3519 agasf,
1332 3445 1438 3521 potest
1461 3439 1558 3504 etiam
1583 3446 1690 3503 ortum
1714 3457 1787 3503 esse
1811 3457 1866 3503 ex:
1892 3439 1972 3521 quid

164 3546 272 3626 agesa,
297 3551 333 3610 ut
355 3546 512 3627 scriptum
536 3545 652 3625 legitur
675 3543 739 3608 alio
764 3544 837 3608 loco
862 3543 902 3608 de
927 3543 988 3607 hac
1013 3544 1129 3608 eadem
1152 3563 1196 3609 re.
1244 3545 1300 3609 Est
1323 3547 1410 3610 enim
1434 3545 1456 3632 ξ
1480 3546 1629 3611 89.haec
1653 3547 1725 3628 ipsa
1749 3546 1896 3611 defensio
1921 3546 1972 3609 sic

166 3652 273 3717 verbis
297 3659 471 3734 concepta:
497 3651 597 3735 quid?
621 3653 649 3714 si
674 3651 730 3734 qui
754 3689 795 3697 --
820 3649 1031 3732 prohibuerit,
1058 3651 1135 3734 quid
1160 3652 1260 3732 ages?
1426 3640 1430 3645 ’

324 3758 360 3823 ln
384 3759 455 3823 Vat.
480 3765 552 3823 test.
577 3759 728 3839 interrog.
753 3755 775 3842 ξ
799 3756 834 3821 5:
860 3754 1017 3841 (patronis
1041 3755 1117 3844 tuis)
1137 3759 1206 3840 jam
1231 3760 1436 3841 praescribis,
1455 3767 1577 3842 quanto
1594 3760 1657 3825 illis
1674 3761 1794 3843 probro
1799 3758 1973 3849 futurum

165 3864 217 3948 sit,
243 3867 270 3930 si
295 3872 325 3930 te
350 3865 565 3944 defenderint,
590 3884 666 3930 cum
690 3871 726 3929 tu
749 3864 828 3928 mihi
853 3862 996 3930 Cornelii
1020 3865 1246 3930 defensionem
1269 3867 1302 3930 in
1326 3866 1508 3932 maledictis
1532 3868 1751 3951 objiciendam
1775 3869 1908 3951 putaris

326 3973 382 4055 Ep.
407 3973 448 4038 ad
473 3972 535 4037 Att.
561 3973 600 4049 X,
629 3974 655 4048 1,
680 3973 716 4037 4:
751 3989 791 4036 eo
816 3972 923 4036 minus
948 3973 1054 4037 habeo
1078 3992 1214 4039 necesse
1239 3972 1407 4061 (quoniam
1431 3975 1547 4040 mede
1572 3994 1653 4058 pace
1677 3975 1817 4058 legatum
1844 3977 1881 4039 iri
1906 3994 1972 4038 non

166 4080 318 4163 arbitror)
342 4080 485 4146 scribere
509 4081 686 4146 autetiam
710 4081 853 4161 cogitare
878 4080 955 4162 quid
979 4078 1045 4145 sim
1058 4079 1239 4168 ,facturus
1264 4083 1291 4146 si
1316 4083 1470 4147 acciderit
1492 4089 1527 4147 ut
1550 4083 1682 4165 legerer.

326 4188 459 4252 Praeter
491 4187 580 4252 illam
605 4187 702 4252 huius
726 4186 938 4270 priorumque
962 4189 1189 4270 exemplorum
1213 4209 1422 4255 communem
1447 4189 1690 4272 ambiguitatem
1715 4191 1778 4255 alia
1803 4199 1853 4255 est
1875 4191 1973 4254 huius

167 4297 232 4361 loci
264 4297 396 4378 propria
428 4296 622 4377 ambiguitas
654 4301 687 4360 et
718 4293 903 4370 difficultas,
938 4313 1022 4377 quae
1046 4296 1081 4359 in
1104 4313 1144 4360 eo
1169 4298 1275 4378 posita
1299 4304 1357 4372 est,
1383 4298 1470 4381 quod
1496 4297 1561 4362 duo
1585 4298 1686 4363 verba
1709 4299 1793 4363 inter
1822 4316 1857 4361 se
1882 4297 1973 4359 dissi-

168 4402 303 4468 millima
327 4404 613 4484 interrogationem
637 4401 806 4484 obliquam
829 4406 959 4482 regunt:
985 4402 1129 4467 scribere
1154 4410 1186 4466 et
1211 4405 1362 4485 cogitare.

328 4510 530 4592 Objectivam
565 4510 660 4591 igitur
692 4509 791 4573 futuri
823 4507 1095 4590 significationem
1124 4511 1152 4572 si
1175 4511 1209 4574 in
1233 4510 1337 4575 forma
1361 4512 1599 4595 periphrastica
1621 4513 1729 4576 inesse
1753 4517 1914 4593 putemus,
1940 4511 1973 4573 in

168 4618 347 4683 locutione:
372 4636 443 4682 uon
467 4612 578 4682 babeo
602 4634 741 4681 necesse
764 4611 924 4693 scribere,
946 4613 1032 4701 quid
1048 4613 1290 4702 simsocturus
1308 4617 1435 4684 facilius
1451 4620 1595 4684 cernitur
1612 4617 1775 4704 temporis
1786 4615 1909 4704 futuri
1925 4619 1974 4681 vis

169 4745 266 4810 qnam
291 4727 324 4790 in
348 4726 450 4791 altera
473 4726 653 4790 locutione:
678 4743 748 4788 uon
773 4719 884 4788 babeo
910 4711 1048 4788 neccsse
1071 4721 1234 4806 cogitare,
1260 4723 1347 4811 quid
1370 4725 1622 4815 simfuctuvus,
1642 4727 1696 4791 ubi
1713 4725 1924 4790 dubitationis
1943 4732 1974 4789 et

169 4835 413 4899 deliberationis
447 4835 495 4898 vis
528 4835 569 4898 sit
601 4833 754 4898 admixta.
812 4832 873 4913 Qui
907 4831 994 4896 enim
1019 4832 1148 4913 cogitat,
1174 4833 1251 4914 quid
1276 4832 1383 4911 faciat,
1409 4836 1506 4898 etiam
1532 4835 1564 4897 in
1589 4833 1790 4896 dubitatione
1816 4838 1972 4907 versatur,

170 4941 247 5024 qnid
272 4941 313 5005 sit
336 4940 398 5004 sihi
422 4939 618 5005 faciendum.
665 4938 776 5003 Verbo
800 4937 963 5020 cogitandi
987 4939 1083 5020 igitur
1106 4938 1255 5020 subjecta
1279 4941 1361 5006 haec
1385 4941 1564 5006 enuntiatio
1589 4941 1818 5020 interrogativa
1842 4958 1974 5021 respon-

170 5049 246 5113 dere
271 5048 396 5112 videtur
420 5049 454 5111 in
478 5049 625 5112 oratioue
648 5052 738 5111 recta
762 5047 946 5129 quaestioni
970 5044 1169 5111 dubitativae
1186 5047 1236 5111 vel
1254 5048 1499 5113 deliberativae:
1526 5048 1603 5130 quid
1622 5047 1748 5123 faciam,
1769 5066 1869 5130 quare
1887 5054 1974 5112 esset

170 5157 203 5219 in
237 5157 384 5220 oratione
417 5155 572 5238 pendenti
605 5157 727 5238 potius:
762 5150 850 5239 quid
862 5150 1007 5241 sunium
1031 5174 1147 5239 quam:
1170 5152 1258 5240 quid
1280 5152 1441 5237 facturus
1464 5153 1539 5232 sim,
1566 5155 1721 5239 quonium
1740 5155 1974 5236 ‚conjunctivus

171 5263 402 5328 deliberativas
435 5264 467 5327 in
491 5263 645 5346 pendenti
669 5263 922 5344 interrogatione
947 5263 1136 5327 immutatus
1160 5268 1279 5327 manet.
1327 5263 1440 5327 Potest
1464 5261 1601 5328 fortasse
1627 5263 1708 5328 haec
1733 5261 1907 5327 difficultas
1931 5263 1975 5326 ita
