4274 5790
1827 263 1870 329 59

111 436 143 501 iu
166 443 332 518 posterum
358 446 474 505 contra
496 439 598 505 falsos
621 460 780 516 rumores,
805 448 860 506 aut
884 461 925 507 ne
949 443 1046 507 etiam
1069 443 1099 517 ii,
1124 444 1179 526 qui
1196 461 1247 508 me
1270 463 1335 509 nou
1360 450 1470 508 amant
1496 450 1628 526 propter
1648 463 1753 508 meam
1779 446 1811 509 iu
1838 444 1915 509 Cae-

110 562 216 609 sarem
241 548 469 624 constantiam,
495 567 562 612 non
587 545 712 613 malint
733 550 796 614 mei
821 569 918 633 qnam
940 551 991 615 sui
1014 548 1137 615 similes
1160 551 1285 616 amicos
1308 551 1439 616 habere.

175 664 179 673 ·
261 652 428 735 *Paradort
453 654 476 740 ξ
501 655 554 719 18:
580 662 615 721 tn
639 656 709 720 dies
731 663 911 741 noctesque
933 658 1099 734 cruciaris,
1122 659 1176 722 cui
1198 676 1259 723 nec
1283 663 1332 722 sat
1357 663 1415 734 est,
1442 658 1529 742 qnod
1554 665 1612 735 est,
1636 665 1667 722 et
1692 659 1724 723 id
1746 660 1854 742 ipsum
1874 679 1916 724 ne

110 776 176 822 non
200 758 389 824 diuturnum
411 759 454 826 sit
464 759 636 847 suturam
658 763 763 829 times.

270 865 405 932 Duobus
430 869 512 934 locis
533 869 732 935 locutionem
756 871 860 936 illam:
887 869 967 938 uide
990 891 1034 937 ne
1057 872 1287 954 conjunctivus
1311 889 1416 953 praes.
1441 870 1538 936 futuri
1563 873 1704 955 periphr.
1729 874 1891 956 sequitur:

268 973 358 1039 Fam.
391 975 444 1053 Xl,
478 976 530 1050 21,
564 978 598 1041 4:
634 978 691 1042 sed
716 978 799 1056 vide,
824 997 866 1044 ne
888 985 944 1044 tua
963 979 1041 1061 jam,
1062 980 1106 1043 mi
1128 979 1235 1056 Brute,
1259 978 1356 1060 culpa
1367 975 1502 1065 futuru
1524 976 1575 1056 sit,
1602 981 1628 1044 si
1652 999 1712 1063 ego
1737 981 1916 1064 quidquam

110 1080 253 1145 timeam.

268 1187 411 1254 Marcell.
446 1209 491 1254 or.
517 1187 539 1275 ξ
561 1190 617 1256 26;
652 1191 739 1275 quod
763 1193 791 1256 si
812 1211 921 1257 rerum
946 1199 1075 1257 tuarum
1099 1192 1341 1265 immortalium,
1365 1191 1400 1257 C.
1425 1190 1556 1271 Caesar,
1581 1195 1633 1258 hic
1657 1196 1763 1260 exitus
1789 1194 1916 1259 iuturus

111 1279 178 1370 fuit,
204 1300 238 1358 ut
261 1296 398 1363 devictis
422 1298 618 1363 adversariis
640 1317 709 1363 rem
733 1299 897 1381 publicam
922 1301 956 1365 in
981 1319 1020 1365 eo
1036 1306 1121 1365 statu
1138 1301 1348 1382 relinqueres,
1366 1300 1400 1363 in
1420 1319 1485 1382 quo
1502 1321 1589 1367 nnnc
1606 1306 1664 1378 est,
1682 1301 1765 1376 vide,
1781 1320 1916 1385 quassu,

111 1419 151 1465 ne
172 1406 230 1465 tua
251 1401 361 1467 divina
385 1405 487 1469 virtus
508 1404 733 1470 admirationis
755 1406 829 1488 plus
852 1405 896 1473 sn
918 1403 1083 1473 habituro
1107 1427 1206 1491 quam
1229 1406 1362 1489 gloriae.

270 1510 415 1594 Utroque
448 1511 512 1577 boc
544 1513 618 1578 loco
649 1515 820 1591 sententia,
851 1534 935 1598 quae
959 1534 1017 1598 per
1045 1516 1136 1580 »vide
1159 1533 1220 1580 ne>
1247 1514 1383 1579 insertur
1404 1516 1559 1598 apodosis
1583 1522 1633 1581 est
1656 1521 1688 1580 et
1709 1533 1787 1580 vero
1809 1515 1917 1597 priore

111 1616 185 1681 loco
215 1619 411 1700 sumptionis
441 1620 488 1683 rei
511 1620 677 1702 possibilis
701 1621 832 1704 quidem
857 1622 914 1687 sed
938 1619 1092 1700 incertae,
1118 1623 1206 1706 quod
1231 1628 1431 1687 tamennon
1455 1623 1614 1705 prohibet,
1641 1624 1817 1706 quominus
1841 1642 1917 1687 eon-

106 1725 275 1807 juuctivus
286 1723 421 1813 futuru
443 1726 488 1792 sit
508 1728 739 1810 conjunctivus
763 1728 861 1794 futuri
884 1730 1042 1812 simplicis
1066 1748 1139 1794 esse
1163 1730 1275 1812 possit.
1323 1729 1434 1794 Altero
1458 1738 1567 1794 autem
1590 1730 1664 1795 loco
1687 1729 1850 1794 difficilius
1868 1735 1917 1793 est

111 1832 299 1914 dijudicare,
324 1834 419 1916 cujus
440 1836 568 1916 generis
593 1841 624 1900 et
648 1855 714 1919 qua
737 1842 853 1901 natura
876 1837 948 1920 ipsa
970 1838 1110 1919 protasis
1133 1838 1183 1902 sit.
1231 1837 1364 1901 Praeter
1387 1837 1474 1902 hunc
1498 1837 1606 1902 locum
1624 1837 1820 1901 indicativus
1837 1835 1917 1918 perf.

111 1938 207 2004 futuri
232 1941 372 2023 periphr.
399 1943 433 2006 in
456 1944 579 2024 protasi
603 1943 813 2026 hypothetica
837 1943 923 2025 apud
946 1943 1138 2009 Ciceronem
1163 1943 1292 2009 duobus
1316 1943 1398 2009 locis
1420 1943 1548 2026 legitur:

271 2048 334 2113 Aa.
370 2049 452 2127 Xlll,
486 2050 538 2126 27,
575 2051 602 2114 1:
637 2050 730 2115 aliter
761 2052 849 2116 enim
882 2050 1057 2116 fuissemus
1080 2053 1114 2115 in
1139 2053 1389 2134 nosmetipsos,
1415 2050 1555 2115 siillum
1580 2047 1918 2139 qffensurisuimus

111 2174 216 2238 paene
239 2156 430 2238 periculosi;
455 2158 543 2241 quod
568 2176 617 2223 ex.
643 2160 752 2223 minus
775 2164 873 2234 recte,
898 2159 1006 2235 credo,
1032 2149 1286 2241 interpretantur
1309 2160 1483 2224 Kiihnerus
1505 2156 1607 2245 (Ausi.
1634 2158 1686 2224 Gr.
1709 2159 1732 2245 ξ
1754 2158 1819 2223 215
1843 2158 1917 2222 adn.

115 2262 158 2348 ll:
181 2282 279 2328 wenn
301 2265 361 2328 wir
383 2265 528 2328 vvirkliob
553 2265 606 2330 die
629 2264 765 2330 Absicht
787 2266 907 2349 gehabt
931 2267 1037 2331 haben
1061 2272 1093 2331 et
1117 2266 1232 2349 Hoppe
1257 2265 1309 2352 (zu
1333 2266 1397 2331 den
1421 2266 1525 2348 l'rgm.
1551 2286 1622 2348 pag.
1650 2267 1717 2348 tet:
1744 2284 1842 2330 wenn
1860 2267 1920 2329 wir

113 2370 219 2434 baben
243 2370 406 2435 verletzen
429 2372 559 2436 wolleu.
608 2373 653 2436 Ex
685 2374 725 2437 iis
758 2375 854 2450 enim,
889 2393 974 2456 quae
1007 2375 1154 2456 proxime
1176 2380 1367 2458 sequuntur,
1398 2375 1555 2450 videmus,
1580 2380 1706 2438 tantum
1730 2373 1862 2450 aluisse,
1886 2378 1920 2435 ut

113 2476 227 2542 Cicero
251 2478 417 2542 inanimo
441 2477 576 2544 haberet
599 2478 772 2545 Caesarem
796 2480 969 2557 offendere,
993 2489 1027 2545 ut
1051 2487 1166 2546 contra
1190 2485 1330 2564 ingenue
1347 2481 1561 2564 profiteretur,
1580 2482 1704 2545 nullum
1723 2480 1810 2545 aliud
1830 2499 1919 2561 argu·

114 2590 257 2649 mentum
273 2584 431 2666 epistolae
456 2585 555 2651 luisse
577 2589 640 2651 nisi
664 2589 836 2652 κολακείαν.
883 2588 977 2669 Quod
1002 2608 1102 2671 quum
1126 2589 1171 2654 ita
1194 2590 1244 2665 sit,
1270 2589 1333 2654 hoc
1357 2590 1542 2672 exemplum
1564 2589 1663 2653 credo
1688 2588 1803 2652 eodem
1821 2587 1919 2651 modo

112 2709 184 2756 esse
210 2691 439 2774 explicandum
465 2712 528 2777 quo
551 2694 690 2760 alterum

272 2800 341 2864 Div.
367 2801 478 2866 11:20:
511 2803 571 2879 siu,
600 2823 675 2867 cum
697 2803 852 2886 auspiciis
885 2804 1143 2885 obtemperatum
1175 2809 1271 2878 esset,
1306 2801 1508 2868 interiturae
1530 2802 1654 2887 classes
1676 2821 1743 2867 non
1755 2799 1919 2888 suerunt,

114 2927 179 2973 uon
212 2909 402 2974 interierunt
435 2908 511 2975 fato.
551 2949 588 2957 —
622 2911 691 2974 Hoc
725 2910 799 2976 loeo
832 2917 912 2993 part.
946 2929 1024 2975 cum
1055 2910 1122 2976 lere
1155 2931 1214 2993 pro
1247 2909 1279 2976 si
1309 2912 1416 2992 posita
1446 2917 1503 2985 est,
1539 2911 1583 2973 ita
1615 2916 1650 2974 ut
1678 2910 1832 2991 protasis:
1866 2906 1921 2971 sin

114 3011 315 3080 interiturae
347 3011 479 3081 classes
511 3037 582 3081 non
602 3014 761 3102 ‘suerunt
791 3018 832 3081 ad
865 3018 949 3081 banc
974 3018 1168 3082 sententiam
1193 3018 1296 3083 relata
1319 3037 1378 3099 pro
1403 3018 1540 3099 apodosi
1564 3018 1759 3099 sumptionis
1783 3017 1829 3080 rei
1854 3034 1920 3079 non

113 3120 217 3188 factae
249 3124 288 3186 sit
322 3123 483 3189 habenda.
540 3122 695 3189 Similiter
727 3126 759 3188 in
793 3126 900 3207 priore
933 3124 1083 3206 exemplo
1116 3126 1291 3190 sententia:
1335 3122 1367 3189 si
1397 3120 1570 3210 qffensuri
1589 3120 1734 3210 suimus
1766 3123 1921 3205 apodosis

112 3235 161 3294 est
193 3231 389 3313 sumptionis
418 3232 591 3314 anusdam
615 3231 723 3296 varbis
746 3251 812 3296 non
835 3250 1023 3314 expressae:
1047 3233 1075 3295 si
1099 3233 1140 3296 ad
1165 3231 1340 3297 Caesarem
1363 3230 1534 3314 epistolam
1559 3231 1763 3295 misissemus
1785 3230 1827 3295 ab
1851 3231 1922 3293 istis

113 3357 179 3404 non
202 3335 320 3404 lectam
345 3345 377 3403 et
400 3345 567 3403 mutatam.
616 3337 673 3403 llis
698 3340 794 3421 igitur
816 3339 945 3404 duobus
969 3339 1051 3404 locis
1072 3340 1268 3404 indicativus
1291 3337 1370 3421 pert.
1395 3338 1493 3403 futuri
1516 3339 1744 3421 periphrastici
1769 3357 1828 3421 pro
1846 3356 1921 3401 con·

112 3446 268 3512 dicionali
292 3447 317 3511 ll
342 3448 469 3529 positus
493 3452 551 3511 est.
1142 3449 1145 3456 '

271 3554 307 3619 ln
330 3560 444 3620 nostro
468 3573 546 3618 vero
570 3554 721 3637 exemplo
743 3572 796 3619 res
819 3553 913 3619 aliter
935 3573 1008 3618 sese
1032 3554 1139 3618 habet.
1188 3554 1259 3634 Quo
1283 3555 1415 3636 quidem
1440 3554 1514 3619 loco
1539 3558 1671 3636 propter
1695 3552 1832 3617 formam
1850 3572 1921 3616 seu-

112 3665 232 3729 tentiae
256 3662 429 3745 primariae
453 3662 525 3743 ipsa
548 3663 689 3744 protasis
713 3662 754 3726 ad
775 3679 878 3743 genus
902 3661 1017 3725 irreale
1042 3661 1154 3725 referri
1178 3680 1244 3725 non
1269 3680 1367 3743 posse
1391 3662 1526 3726 videtur.
1574 3661 1688 3742 Neque
1712 3660 1811 3724 aliam
1824 3660 1919 3724 video

112 3773 297 3856 explicandi
329 3773 489 3836 rationem
522 3771 584 3834 nisi
615 3789 698 3844 eam,
733 3788 798 3852 qua
831 3774 865 3832 ut
897 3768 1053 3850 apodosis
1085 3769 1126 3832 ad
1158 3775 1286 3850 ternpus
1311 3767 1463 3844 futurum,
1489 3768 1536 3831 sic
1561 3768 1701 3848 protasis
1725 3767 1766 3831 ad
1791 3773 1920 3848 tempus

112 3898 279 3963 praesens,
311 3899 378 3944 non
411 3879 620 3960 praeteritum
652 3876 819 3941 referatur.
868 3876 962 3956 Quod
996 3876 1094 3939 credo
1123 3875 1192 3940 lieri
1219 3894 1326 3956 posse,
1361 3875 1388 3938 si
1412 3874 1574 3938 sententia
1597 3873 1666 3937 illa:
1693 3879 1731 3938 nt
1752 3911 1793 3918 -
1818 3869 1921 3936 relin-

112 4005 248 4073 queres,
283 4004 368 4068 quae
401 3985 442 4050 ad
475 3987 623 4067 protasin
656 3986 804 4067 pertinet,
831 4004 897 4048 non
921 4003 980 4065 pro
1006 4002 1093 4048 mera
1117 3983 1339 4056 consecutiva,
1365 3982 1424 4046 sed
1447 4000 1495 4055 ea,
1521 3982 1574 4045 cui
1598 3980 1705 4044 finalis
1729 3981 1778 4044 vis
1802 3981 1841 4043 sit
1868 3980 1922 4043 ad·

113 4095 223 4170 mixta,
246 4093 414 4159 habeatur.
463 4092 617 4158 Snethice
641 4093 737 4174 igitur
760 4112 841 4156 non:
867 4089 904 4156 sd
926 4098 972 4155 att
991 4092 1034 4154 du
1059 4091 1219 4167 lemnade‚
1245 4089 1316 4154 sed:
1343 4087 1379 4153 si
1403 4094 1448 4153 att
1477 4089 1522 4152 du
1543 4084 1659 4153 sbullc
1684 4087 1801 4152 lemna.
1853 4087 1922 4150 Hoc

112 4202 211 4268 modo
236 4202 335 4266 credo
357 4220 397 4265 ex
422 4201 544 4283 protasi
568 4202 711 4282 ascripta
734 4199 869 4263 alteram
895 4198 1033 4263 derivari
1058 4217 1170 4279 posse:
1197 4199 1306 4280 itaque
1330 4197 1356 4260 si
1382 4196 1438 4261 tibi
1462 4197 1567 4278 patria
1591 4214 1688 4270 nunc,
1711 4214 1787 4258 oum
1811 4194 1922 4257 adver·

111 4310 190 4375 sarii
213 4309 332 4375 devicti
355 4314 440 4384 sunt,
464 4307 678 4390 relinquenda
702 4313 751 4370 est
775 4308 807 4369 in
832 4325 872 4370 eo
895 4312 991 4380 statu,
1016 4305 1049 4368 iu
1074 4325 1140 4388 quo
1164 4324 1251 4369 nunc
1276 4311 1333 4369 est.
1382 4304 1487 4386 Atque
1507 4302 1552 4383 ¹ad
1571 4302 1656 4365 hanc
1670 4303 1813 4383 protasin
1829 4301 1923 4364 facile

112 4418 159 4482 ita
189 4416 328 4482 refertur
359 4416 530 4498 apodosis:
562 4415 636 4479 vide
663 4433 704 4478 ne
727 4413 878 4478 habitura
901 4413 951 4487 sit,
977 4418 1012 4475 ut
1040 4411 1209 4476 »habitura
1230 4413 1290 4476 sit»
1317 4431 1376 4493 pro
1400 4411 1486 4493 conj.
1511 4409 1610 4474 luturi
1634 4408 1793 4490 simplicis
1816 4408 1924 4489 accipi

111 4525 224 4610 possit.

273 4630 366 4713 Conj.
393 4627 590 4717 imperfecti
611 4629 709 4693 futuri
733 4628 875 4711 periphr.
899 4632 973 4709 post
996 4646 1040 4692 nc
1064 4627 1181 4707 legitur

273 4739 364 4804 Verr.
388 4737 425 4814 V,
450 4737 472 4823 ξ
498 4737 574 4802 163;
600 4737 719 4801 etenim
745 4736 927 4810 verebatur,
953 4754 994 4799 ne
1018 4735 1160 4816 populus
1177 4735 1345 4798 Romanus
1363 4733 1404 4797 ab
1422 4734 1483 4796 isto
1502 4751 1559 4796 eas
1576 4750 1701 4813 poenas
1717 4731 1748 4793 vi
1764 4729 1923 4810 repetisse

112 4842 286 4923 videretur,
312 4865 394 4930 quas
418 4846 540 4910 veritus
564 4851 659 4920 esset,
685 4863 726 4909 ne
749 4844 809 4908 iste
833 4844 959 4924 legibus
983 4863 1021 4906 ac
1045 4849 1153 4907 vestro
1175 4842 1300 4922 judicio
1325 4859 1390 4904 non
1416 4843 1504 4904 essct
1521 4835 1778 4923 persoluturus.

273 4954 309 5019 ln
341 4954 423 5019 locis
456 4953 562 5017 allatis
595 4958 675 5035 part.
711 4972 753 5016 ne
786 4972 861 5016 cum
893 4952 977 5033 conj.
1004 4950 1059 5014 lut.
1085 4949 1226 5031 periphr.
1257 4949 1435 5030 conjuncta
1462 4946 1612 5011 averbis
1634 4945 1768 5010 timendi
1792 4944 1922 5026 pendet.

112 5062 187 5131 Uno
211 5068 338 5128 tantum
361 5064 435 5128 loeo
459 5068 534 5145 post
557 5080 600 5126 ne
625 5079 720 5125 merc
733 5056 858 5150 finale
880 5058 965 5139 conj.
992 5057 1048 5121 lut.
1073 5056 1215 5138 periphr.
1240 5057 1367 5138 positus
1391 5062 1454 5120 est:

201 5225 218 5232 „
273 5168 396 5235 lnvent.
430 5169 456 5233 ll
480 5169 503 5256 ξ
526 5169 581 5232 66;
616 5170 794 5242 veritatem,
820 5185 878 5249 per
902 5185 999 5249 quam
1024 5165 1141 5230 damus
1165 5183 1309 5247 operam,
1339 5183 1383 5230 ne
1407 5163 1484 5248 quid
1508 5162 1611 5243 aliter,
1635 5178 1733 5243 quam
1757 5157 1928 5222 confirma-

109 5278 267 5355 verimus,
290 5275 347 5341 fiat
369 5283 425 5341 aut
449 5276 570 5342 laetum
595 5283 651 5340 aut
662 5272 834 5362 saturum
858 5270 909 5339 sit.
