4274 5790
521 436 585 498 tiae
618 437 792 516 primariae
822 437 939 501 relata:
975 435 1132 507 futurum
1169 459 1244 506 esse
1267 445 1515 509 antecedentiae
1540 446 1603 507 vim
1630 445 1749 510 habeat
1773 464 1909 511 necesse
1933 454 1983 509 est

523 548 556 605 et
579 561 652 605 earn
676 543 844 608 iterativae
868 545 1127 610 antecedentiae.

596 649 691 728 Quod
723 669 798 713 cum
832 652 877 714 ita
909 652 959 727 sit,
994 659 1073 716 nota
1106 655 1184 717 artis
1217 653 1288 736 lege
1321 656 1526 722 desiderares
1560 659 1590 721 h.
1625 657 1643 720 l.
1670 677 1729 740 pro
1753 656 1915 734 facturus
1939 658 1985 725 sr't

510 752 650 840 fecerit,
675 757 702 818 si
727 764 808 820 sent.
834 777 893 838 per
915 757 1076 842 quotiens
1100 760 1285 841 ingrediens
1309 766 1496 830 necessario
1520 765 1657 829 relativa
1680 773 1776 830 esset.
1825 765 1890 831 Sed
1914 785 1982 830 non

522 870 572 925 est
605 881 750 928 necesse.
807 864 893 927 Nihil
928 865 1014 929 enirn
1048 866 1192 948 impedit,
1227 871 1404 949 quominus
1429 873 1514 936 hanc
1545 891 1677 955 quoque
1701 874 1897 937 sententiam
1922 891 1982 954 pro

522 971 684 1033 sententia
717 971 948 1052 interrogativa
973 974 1238 1055 interpretemur:
1273 975 1357 1040 huru
1383 977 1450 1042 osta
1473 985 1535 1042 etc.
1561 998 1606 1042 sc.
1631 979 1742 1044 videre
1763 980 1832 1061 jam
1857 980 1980 1043 videor.

523 1075 630 1159 Atque
663 1077 828 1141 Halmium
861 1085 891 1142 et
925 1079 1115 1144 Richterum
1139 1081 1239 1145 credo
1264 1082 1350 1147 banc
1374 1085 1518 1150 voluisse
1542 1086 1853 1167 interpretationem,
1879 1105 1981 1167 quum

522 1189 597 1263 post
622 1180 742 1248 uideor
764 1185 956 1257 semicolon,
982 1188 1070 1269 quod
1095 1195 1223 1263 vocant,
1249 1197 1409 1271 ponerent
1433 1198 1465 1257 et
1488 1200 1564 1256 ante
1589 1189 1981 1256 utrumdr'aeriscolon.

524 1288 706 1372 Kayserum
740 1310 872 1374 quoque
895 1293 991 1358 video
1014 1294 1265 1376 interpungendi
1290 1299 1450 1362 rationem
1474 1299 1641 1375 adhibere,
1667 1316 1732 1380 qua
1756 1299 1982 1381 interpretatio

522 1413 596 1459 mea
620 1396 841 1473 confirmetur,
867 1399 1047 1464 semicolon
1073 1407 1149 1464 ante
1178 1404 1295 1466 utrum
1320 1400 1455 1469 dtkccrr's
1476 1413 1663 1489 ponentem,
1689 1404 1865 1469 Muellerus
1893 1405 1984 1469 deni·

521 1521 585 1585 que
611 1505 720 1584 posuit
743 1506 925 1570 semicolon
949 1514 1025 1571 ante
1049 1510 1209 1591 quotiens
1232 1516 1265 1573 et
1288 1517 1364 1574 ante
1394 1515 1521 1576 utrum.
1570 1514 1636 1578 Pet.
1663 1510 1797 1576 Consul.
1821 1509 1844 1595 ξ
1872 1511 1921 1575 13.

327 1626 532 1709 Perfectum
557 1623 695 1692 :foeteat
721 1633 871 1711 sequitur
893 1632 979 1713 conj.
1005 1650 1111 1713 praes.
1137 1631 1193 1696 lut.
1218 1634 1361 1715 periphr.
1386 1635 1420 1698 in
1445 1639 1638 1719 quaestione
1662 1636 1830 1700 indirecta.

327 1736 383 1799 Att
408 1736 474 1811 Xll,
500 1735 552 1811 40,
581 1736 613 1797 l:
640 1736 746 1817 qualis
757 1735 893 1821 sutura
917 1735 961 1801 sit
984 1737 1135 1802 Caesaris
1158 1739 1354 1821 vituperatio
1379 1750 1496 1807 contra
1520 1743 1742 1807 laudationem
1768 1760 1885 1819 meam,
1911 1761 1982 1824 per·

166 1845 258 1925 spexi
283 1861 387 1907 exeo
412 1842 506 1919 libro,
532 1860 629 1925 quem
654 1842 777 1906 Hirtius
802 1844 842 1907 ad
868 1863 920 1908 me
943 1845 1039 1908 misit.

326 1949 364 2013 N.
390 1949 426 2012 D.
453 1948 478 2011 ll
495 1947 517 2033 ξ
536 1946 612 2012 153;
639 1947 839 2014 deiectiones
863 1950 943 2014 solis
960 1952 1110 2033 cognitae
1127 1953 1380 2036 praedictaeque
1399 1960 1476 2018 sunt
1493 1993 1543 2032 —‚
1562 1973 1656 2038 quae,
1675 1962 1827 2038 quantae,
1846 1955 1982 2038 quando

163 2055 307 2139 farturae
330 2053 407 2121 siut.

326 2164 400 2244 Leg.
426 2161 499 2243 Agr.
526 2180 571 2226 or.
597 2162 624 2226 ll
646 2161 669 2247 ξ
692 2164 746 2227 47.

326 2310 425 2400 Pers.
452 2309 541 2395 conj.
566 2320 611 2377 ut.
637 2315 723 2396 conj.
748 2320 870 2396 potent.
896 2317 1044 2398 sequitur
1067 2321 1152 2400 conj.
1179 2336 1284 2399 praes.
1310 2318 1366 2382 fut.
1391 2320 1532 2402 periphr.
1557 2320 1608 2384 his
1632 2319 1762 2384 duobus
1785 2319 1882 2384 locis:

325 2423 415 2487 Fam.
442 2422 479 2496 X,
505 2420 557 2496 24,
586 2421 599 2484 i
628 2421 810 2501 (Plancus):
837 2440 931 2486 amor
953 2429 1029 2486 tuus
1055 2462 1093 2470 —
1119 2430 1226 2487 utrum
1252 2425 1326 2506 plus
1350 2426 1514 2506 dignitatis
1537 2465 1581 2472 -
1605 2446 1647 2490 an
1671 2426 1847 2508 voluptatis
1874 2465 1911 2473 -
1935 2425 1983 2491 sit

166 2528 356 2610 allaturae,
381 2548 447 2592 non
472 2527 568 2591 facile
592 2528 739 2592 dixerim.

324 2638 421 2701 Tusc.
448 2635 535 2717 Disp.
561 2634 589 2698 V
612 2634 635 2719 ς’
662 2636 738 2698 121:
763 2636 796 2698 in
822 2653 888 2717 quo
913 2643 1072 2718 quantum
1097 2637 1235 2701 caeteris
1254 2636 1440 2725 profuturi
1453 2639 1572 2713 simus,
1592 2659 1658 2705 non
1675 2639 1771 2704 facile
1787 2641 1978 2705 dixerimus.

326 2778 500 2844 Futurum
524 2776 678 2862 simplem
701 2779 849 2860 sequitur
872 2779 958 2861 conj.
983 2798 1089 2859 praes.
1117 2779 1172 2844 sut.
1198 2780 1339 2862 periphr.

324 2888 391 2950 lnv.
417 2884 468 2970 l§
488 2885 563 2949 107:
590 2891 725 2968 quartus
741 2883 798 2971 (sc.
817 2885 910 2949 locus
934 2886 1177 2950 misericordiae
1202 2885 1272 2971 est),
1298 2905 1476 2969 perquem
1502 2906 1554 2952 res
1579 2896 1689 2971 turpes
1715 2928 1753 2937 -
1772 2887 1980 2972 proferentur

164 3003 196 3060 et
220 2996 371 3076 indignae
396 2998 501 3056 aetate
525 3030 568 3039 -
592 3030 635 3038 —
661 3029 710 3067 —,
736 2992 872 3068 honore,
898 2992 1080 3070 beneficiis;
1106 3010 1190 3075 quae
1215 2994 1303 3074 passi
1330 2992 1579 3078 perpessurive
1602 2993 1678 3060 sint.
1727 2994 1867 3060 Codices
1885 3014 1977 3077 prae-

164 3105 242 3168 bent
266 3109 297 3166 et
326 3119 427 3183 »quae
452 3100 540 3181 passi
564 3106 646 3164 etc.»
673 3106 705 3164 et
733 3118 833 3182 »quas
857 3100 977 3181 passi».
1030 3099 1157 3179 »Quaeri
1184 3105 1314 3180 praeter
1337 3099 1495 3165 Klotzium
1519 3103 1616 3166 etiam
1646 3103 1827 3185 Kayserum
1853 3101 1978 3166 habere

164 3211 269 3285 videa,
299 3226 419 3290 »quasa
446 3212 555 3270 autern
580 3208 630 3271 ed.
656 3206 822 3273 Orelliana
846 3205 957 3269 altera.
1006 3198 1055 3269 bb
1079 3211 1218 3287 utraque
1243 3205 1348 3270 forma
1367 3209 1466 3272 credo
1486 3209 1784 3290 interrogationem,
1813 3227 1878 3272 non
1895 3208 1978 3272 rela-

164 3318 262 3380 tivam
296 3314 492 3378 sententiam
525 3314 646 3389 induci,
680 3332 765 3396 quae
798 3313 930 3395 quidem
955 3313 1165 3392 interrogatio
1200 3313 1352 3376 nimirum
1385 3332 1424 3378 ex
1453 3311 1685 3401 proferantur
1718 3315 1838 3396 pendet
1861 3316 1915 3400 ita,
1940 3322 1978 3379 ut

164 3421 408 3506 quodammodo
441 3439 500 3501 pro
533 3419 683 3501 subjecto
720 3420 817 3483 huius
840 3418 931 3483 verbi
956 3420 1025 3482 sive
1058 3418 1166 3499 potius
1201 3416 1324 3483 turmae
1355 3418 1559 3505 proseratur·
1590 3439 1630 3484 ex
1659 3419 1892 3506 prqfererrtur
1923 3420 1977 3484 de·

163 3535 312 3611 sumptae
342 3526 447 3607 accipi
480 3527 594 3607 possit.
641 3526 764 3590 Tamen
794 3531 844 3589 est
876 3524 1109 3598 confitendum,
1143 3523 1312 3588 relativum
1338 3544 1471 3589 sensum
1497 3526 1538 3589 ab
1562 3527 1626 3591 hoc
1651 3530 1724 3591 loco
1750 3546 1816 3591 non
1840 3545 1977 3609 prorsus

162 3637 349 3710 abhorrere,
379 3634 406 3697 si
431 3652 521 3717 quus
545 3633 700 3715 legamus.
748 3630 841 3713 Conj.
867 3637 935 3696 tum
959 3638 1008 3695 est
1032 3633 1118 3715 conj.
1144 3649 1190 3694 or.
1214 3629 1277 3694 obl.
1304 3630 1444 3696 Orelllus
1469 3640 1577 3696 autem
1599 3652 1730 3697 comma
1747 3653 1822 3698 cum
1840 3640 1974 3716 puncto,

163 3744 251 3826 quod
275 3747 405 3816 vocant,
431 3747 506 3804 ante
526 3759 617 3825 qrrus
641 3740 748 3822 posito
765 3737 934 3820 significat,
960 3738 1069 3813 credo,
1087 3737 1257 3801 relativam
1273 3739 1468 3802 sententiam
1486 3738 1527 3803 ab
1544 3741 1607 3804 hoc
1626 3739 1699 3803 loco
1717 3760 1752 3804 se
1772 3740 1974 3822 abjudicare.

323 3848 493 3912 Postremo
527 3846 855 3911 commemorandum
888 3863 1019 3920 censae,
1053 3845 1235 3927 Kayserum
1270 3845 1447 3909 nonnullos
1482 3846 1614 3910 codices
1644 3853 1835 3929 sequentem
1855 3844 1975 3930 profe-

163 3960 291 4022 runtur
324 3955 506 4036 scripsisse,
540 3973 589 4029 ea,
615 3954 723 4029 credo,
750 3953 891 4017 maxime
916 3970 950 4016 re
974 3956 1186 4025 commotum,
1212 3951 1300 4033 quod
1324 3951 1357 4014 in
1378 3951 1428 4014 his
1453 3952 1596 4016 sedecim
1622 3953 1704 4017 locis
1729 3952 1976 4017 misericordiae

161 4063 394 4128 enumerandis
427 4062 459 4124 in
492 4060 645 4125 omnibus
678 4060 848 4124 sententiis
881 4059 1025 4123 relativis
1057 4076 1098 4122 ex
1131 4057 1283 4121 codicum
1316 4076 1482 4122 consensu
1516 4078 1672 4140 praesens
1705 4067 1833 4141 tempus
1858 4059 1976 4140 legitur

162 4178 291 4253 praeter
315 4170 410 4243 hanc,
436 4167 476 4231 de
501 4187 566 4250 qua
591 4169 727 4249 agimus
752 4173 785 4230 et
808 4169 955 4245 alteram,
979 4165 1036 4230 ubi
1062 4164 1204 4228 futurum
1229 4163 1327 4228 scribi
1352 4165 1504 4228 codicum
1528 4185 1712 4230 consensus
1732 4165 1835 4246 jubet.

322 4275 386 4338 Att.
411 4274 447 4351 ll,
473 4275 503 4349 4,
529 4275 564 4338 2:
590 4273 873 4339 accommodatius
897 4272 992 4337 nobis
1017 4272 1077 4335 erit
1101 4272 1142 4335 ad
1167 4269 1303 4333 liberam
1327 4271 1522 4353 legationem
1548 4280 1676 4354 tempus
1700 4270 1789 4347 illud,
1816 4291 1916 4354 quum
1940 4278 1974 4336 et

161 4384 301 4464 Quintus
336 4388 448 4445 noster
466 4382 546 4462 jam,
581 4387 616 4445 ut
639 4399 820 4463 speramus
855 4381 889 4443 in
912 4381 980 4444 otio
1005 4377 1191 4442 consederit
1215 4383 1256 4451 et,
1282 4378 1342 4441 iste
1367 4378 1523 4442 sacerdos
1547 4379 1659 4442 Bonae
1684 4378 1764 4442 deae
1787 4378 1973 4443 cuiusmodi

149 4488 303 4578 futurus
328 4487 381 4570 sit,
406 4489 558 4554 sciemus,

325 4594 511 4659 »Sciemusa
539 4592 752 4674 Wesenberg,
778 4599 912 4656 auctore
937 4590 1061 4655 Ernest.
1110 4588 1250 4654 Codices
1267 4590 1394 4671 optimi:
1420 4588 1521 4664 scius,
1540 4591 1572 4653 in
1590 4609 1656 4673 quo
1673 4589 1773 4655 latere
1791 4588 1973 4655 scierimus

160 4705 286 4786 putavit
319 4702 416 4768 Orell.
452 4718 594 4783 eumque
629 4700 778 4783 sequitur
800 4698 881 4762 Bait.
930 4697 993 4763 Sed
1015 4699 1090 4779 jure
1114 4697 1192 4761 mihi
1217 4697 1344 4760 videtur
1367 4696 1522 4760 Wesenb.
1548 4697 1641 4777 signo
1666 4697 1867 4779 quaestionis
1891 4715 1972 4761 usus

160 4831 233 4876 esse
267 4812 300 4874 in
334 4811 396 4874 hac
431 4808 573 4872 lectione
606 4807 781 4871 afferenda.
838 4804 995 4887 Apertum
1028 4807 1114 4869 enim
1149 4812 1207 4879 est,
1245 4803 1368 4867 nullum
1404 4802 1456 4866 bic
1490 4820 1563 4865 esse
1588 4802 1695 4867 locum
1721 4802 1829 4867 futuro
1853 4810 1971 4868 exacto

159 4920 255 4983 huius
280 4917 379 4982 verbi.

320 5022 419 5088 Suam
455 5024 619 5104 propriam
655 5020 810 5102 temporis
835 5019 1116 5100 significationem,
1142 5037 1208 5082 non
1234 5018 1274 5081 ad
1299 5016 1434 5080 verbum
1459 5033 1576 5096 regens
1600 5015 1734 5079 relatam
1761 5015 1859 5079 babet
1882 5016 1969 5098 conj.

158 5150 263 5214 praes.
289 5131 345 5194 lut.
371 5130 523 5212 periphr.:

317 5237 396 5319 lmp.
431 5235 489 5300 Cn.
524 5236 638 5317 Pomp.
673 5254 719 5299 or.
744 5234 767 5320 ξ
791 5234 851 5298 45:
886 5240 916 5297 et
951 5232 1124 5317 quisquam
1154 5230 1314 5296 dubitabit
1343 5230 1421 5312 quid
1451 5231 1567 5294 virtute
1587 5228 1812 5316 perfecturus
1836 5226 1887 5309 sit,
1913 5230 1969 5312 qul
