4320 5796
1896 289 1934 352 61

333 466 374 531 Ut
403 467 468 531 liv.
495 467 545 542 lll,
569 466 621 543 52,
646 469 681 532 9:
720 487 857 533 »novam
880 486 951 532 earn
975 474 1168 549 potestatem
1193 466 1425 552 (tribuniciam)
1447 467 1595 548 eripuere
1619 466 1765 548 patribus
1790 467 1918 541 nostris,
1942 485 1983 531 ne

173 591 260 636 nunc
293 571 466 638 dulcedine
499 573 602 638 semel
632 575 719 657 capti
754 573 861 639 ferant
884 575 1102 639 desiderium»
1128 574 1216 638 haud
1239 575 1309 639 scio
1333 593 1375 637 au
1399 574 1442 637 ad
1465 573 1629 656 propriam
1653 578 1734 654 part.
1759 590 1803 637 nc
1826 571 1983 653 significa-

173 679 296 743 tionem
321 680 547 745 illustrandam
570 680 664 745 illud:
688 700 732 745 nc
743 678 877 769 serant
897 681 939 746 ad
962 681 1206 746 similitudinem
1235 679 1497 745 transferendum
1521 680 1563 744 sit
1583 679 1648 744 loci
1671 679 1758 744 illius
1774 679 1916 744 Verrini:
1942 698 1983 744 ne

173 804 269 869 quem
294 788 415 869 putetis
434 825 471 835 -
490 788 675 870 protulisse.
723 788 793 854 Hoc
811 788 910 855 modo
928 808 1001 872 pro:
1032 785 1213 876 usserunt
1236 789 1339 854 oritur
1354 787 1482 870 plenior
1498 787 1673 852 sententia:
1691 785 1766 874 (hoc
1790 787 1864 851 ideo
1885 784 1981 873 dico),

174 912 214 958 ne
239 912 297 958 eos
320 896 440 977 putetis
464 895 598 960 laturos.

333 1001 458 1067 Deinde
480 1002 560 1067 illud
585 1001 837 1079 observandum,
863 1003 1057 1085 particulam
1082 999 1213 1068 nedum
1232 1003 1301 1083 jam
1318 1001 1405 1084 apud
1424 1001 1611 1066 Terentium
1628 1000 1766 1066 inveniri
1782 1005 1982 1082 usurpatam,

172 1127 216 1172 ne
248 1114 357 1172 autern
391 1129 450 1192 pro
485 1105 617 1174 nedum
649 1110 736 1192 apud
770 1111 968 1193 posteriores
1001 1110 1133 1175 demum
1160 1110 1384 1192 classicosque
1408 1109 1584 1190 scriptores
1608 1108 1773 1172 rarissime
1797 1126 1870 1171 esse
1893 1126 1983 1172 usur·

173 1220 295 1296 patum.
343 1215 435 1296 Quae
461 1236 561 1300 quum
586 1218 630 1281 ita
654 1218 727 1293 sint,
753 1216 841 1281 haud
866 1216 960 1282 facile
984 1217 1140 1293 adducor,
1165 1224 1200 1281 nt
1223 1217 1366 1293 credam,
1392 1213 1523 1280 nedum
1546 1234 1621 1279 curn
1646 1233 1690 1279 ne
1714 1213 1802 1278 finali
1819 1233 1891 1279 esse
1908 1232 1983 1279 con-

174 1320 341 1387 ferendum
367 1324 504 1406 ejusque
528 1325 693 1406 propriam
719 1324 990 1406 significationem
1014 1323 1138 1389 asinali
1156 1342 1228 1388 esse
1247 1323 1482 1388 deducendam.
1520 1323 1633 1405 Neque
1650 1322 1782 1386 invenio
1805 1320 1983 1404 quidquam

174 1429 314 1510 obstare,
349 1432 525 1513 quominus
559 1428 690 1496 nectum
722 1431 915 1513 particulam
950 1433 1142 1514 negativam,
1176 1450 1243 1495 non
1277 1431 1544 1512 conjunctionem
1575 1428 1705 1504 finalem
1735 1446 1809 1493 esse
1832 1430 1993 1509 putemus

173 1542 272 1620 atque
296 1555 335 1601 ex
360 1538 501 1619 negandi
524 1539 684 1620 particula
708 1557 752 1602 nc
775 1546 808 1603 et
831 1535 915 1603 dum
941 1540 1157 1622 compositam
1181 1539 1311 1620 proprie
1335 1536 1530 1618 significare:
1557 1536 1628 1601 icke
1644 1533 1694 1600 dd.
1731 1534 1982 1617 Conjunctivum

173 1649 292 1719 autem,
319 1645 374 1726 qui
398 1644 483 1708 hanc
507 1651 589 1726 part.
614 1645 770 1727 sequitur,
796 1645 837 1709 ad
861 1663 964 1726 genus
987 1645 1164 1727 potentiale
1188 1644 1394 1709 referendum
1417 1662 1548 1708 censeo.

338 1751 385 1815 lta
417 1752 450 1815 in
484 1752 635 1833 exemplo
659 1751 724 1826 illu,
752 1752 839 1835 quod
863 1753 1003 1834 primum
1028 1753 1059 1816 in
1085 1752 1199 1817 litteris
1223 1752 1331 1816 latinis
1355 1756 1436 1833 part.
1461 1748 1592 1815 nedum
1616 1750 1711 1814 nobis
1735 1752 1885 1826 occurrit,
1910 1750 1982 1814 Ter.

174 1857 269 1922 Haut.
295 1858 374 1922 452:
405 1865 554 1940 ›satrapa
578 1860 605 1922 si
629 1860 691 1923 siet
714 1865 849 1935 amator,
876 1878 1054 1942 numquam
1079 1859 1213 1924 sullerre
1237 1860 1309 1941 ejus
1332 1864 1481 1940 sumptus
1506 1864 1617 1941 queat:
1641 1858 1760 1922 nedum
1786 1863 1819 1921 tu
1843 1858 1979 1940 possis»

174 1963 267 2029 illud:
305 1961 436 2030 nedum
461 1970 496 2030 tn
519 1963 636 2050 possis
668 1967 798 2048 proprie
832 1966 1015 2048 significare
1047 1973 1141 2048 puto:
1174 1966 1246 2032 icke
1278 1965 1370 2031 torde
1403 1963 1445 2030 dd
1477 1966 1520 2030 du
1544 1965 1657 2030 kuuna
1680 1965 1734 2030 det
1755 1984 1787 2030 o:
1818 1983 1917 2047 quum
1942 1981 1983 2027 ne

174 2078 306 2154 satrapa
331 2072 461 2155 quidem
487 2075 557 2138 eius
581 2078 731 2155 sumptus
755 2073 889 2138 sulierre
914 2079 1021 2157 queat,
1047 2073 1213 2157 quomodo
1230 2073 1325 2154 igitur
1341 2079 1376 2137 tu
1392 2073 1521 2154 possis?
1544 2074 1563 2136 i.
1581 2091 1608 2137 e.
1628 2071 1740 2143 multo,
1762 2073 1857 2136 etiam
1877 2070 1984 2134 minus
2109 2078 2113 2084 “

174 2184 208 2242 tu
233 2179 349 2261 possis.
398 2178 447 2244 Ad
471 2179 742 2261 significationem
766 2186 847 2263 part.
867 2177 969 2245 dum:
993 2178 1043 2255 da,
1061 2181 1165 2245 under
1181 2178 1303 2245 sddane
1320 2177 1546 2244 fdrhdllanden
1562 2179 1713 2244 conferas
1730 2178 1827 2243 velim
1843 2177 1984 2242 eundem

177 2284 242 2349 lere
275 2293 355 2367 part.
392 2287 580 2368 temporalis
615 2291 687 2351 tum
721 2307 826 2352 usum.
874 2288 988 2371 Neque
1018 2288 1098 2352 illud
1131 2288 1261 2353 obstare
1286 2288 1421 2362 videtur,
1454 2287 1543 2370 quod
1566 2306 1610 2351 nc
1633 2287 1666 2349 in
1690 2286 1810 2350 nedum
1835 2284 1983 2348 vocalem

176 2393 368 2475 productam
393 2393 500 2458 habet.
549 2393 692 2458 Eandem
718 2396 804 2459 enim
830 2396 1077 2478 productionem
1103 2396 1282 2478 reperimus
1306 2396 1339 2459 in
1361 2391 1585 2480 nequiquam,
1619 2412 1856 2478 naquaquam,
1883 2411 1983 2475 quum

176 2501 209 2564 in
234 2519 358 2584 neque,
384 2520 584 2584 quamquam
609 2508 791 2585 sequuntur
813 2503 948 2568 eaedem
973 2522 1141 2568 consonae
1162 2524 1210 2588 qu
1227 2503 1351 2568 vocalis
1376 2521 1394 2566 c
1416 2502 1524 2565 brevis
1549 2501 1598 2565 sit.

340 2608 510 2673 Postremo
543 2609 666 2685 dubit0,
701 2628 743 2674 an
776 2609 856 2674 illud
890 2629 1021 2694 quoque
1054 2610 1239 2692 exemplum
1272 2608 1534 2684 Ciceronianunr,
1569 2608 1655 2673 unde
1684 2608 1823 2689 primum
1848 2605 1982 2688 profecti

176 2715 262 2779 hanc
296 2716 494 2780 instituimus
527 2716 790 2798 disputationem,
825 2717 947 2801 aliquid
972 2719 1132 2800 pertineat
1154 2718 1196 2781 ad
1220 2722 1364 2782 nostram
1387 2714 1427 2780 de
1451 2714 1611 2798 particula
1635 2710 1765 2779 nedum
1789 2714 1983 2778 seutentiam

176 2822 456 2904 comprobandam
490 2829 522 2887 et
553 2823 824 2888 confirmandam.
879 2824 919 2888 lo
939 2825 1004 2889 hoc
1026 2843 1077 2888 ex.
1102 2825 1190 2890 enirn
1213 2824 1360 2907 sequitur
1382 2824 1576 2905 particulam
1599 2822 1731 2887 nedum
1754 2821 1984 2903 conjunctivus

176 2947 282 3011 praes.
317 2928 417 2993 futuri
449 2930 601 3013 periphr.,
636 2950 737 3013 quum
769 2932 1036 3013 conjunctionem
1060 2951 1103 2996 ne
1126 2932 1355 3014 conjunctivus
1379 2930 1476 2995 futuri
1501 2930 1642 3013 periphr.
1667 2948 1735 2994 non
1757 2929 1899 3011 excipiat
1921 2928 1984 2992 nisi

176 3035 232 3100 ubi
265 3055 310 3100 ne
340 3036 478 3118 pendeat
510 3056 549 3100 ex
583 3036 683 3102 verbo
716 3038 860 3102 timendi.
907 3038 1144 3121 conjunctivus
1177 3045 1284 3103 autern
1310 3038 1407 3103 luturi
1429 3038 1569 3120 periphr.
1595 3043 1631 3101 ut
1648 3032 1986 3122 potentiulr'ssutum'

178 3140 344 3227 temporis
377 3162 444 3208 non
469 3143 597 3208 videtur
619 3162 639 3208 a
663 3163 815 3209 sermone
838 3143 1055 3210 Ciceroniauo
1079 3164 1213 3228 prorsus
1237 3164 1309 3210 esse
1334 3144 1469 3220 alienus
1495 3145 1550 3208 ubi
1574 3144 1671 3208 dere
1695 3144 1808 3225 agitur,
1834 3159 1918 3224 quae
1941 3141 1982 3205 ad

177 3249 321 3314 futurum
353 3256 422 3315 tota
445 3252 615 3332 pertineat,
638 3258 674 3315 ut
698 3252 778 3316 nihil
802 3253 832 3316 ei
855 3271 930 3316 curn
955 3254 1119 3335 praesenti
1143 3258 1290 3334 tempore
1314 3270 1488 3316 commune
1513 3252 1563 3328 sit,
1588 3251 1629 3328 id,
1655 3250 1742 3334 quod
1767 3251 1800 3313 in
1825 3254 1982 3328 nostrum,

177 3358 285 3434 credo,
320 3357 506 3440 exemplum
531 3358 628 3440 plane
650 3359 746 3424 cadit.
795 3359 855 3424 llic
879 3361 966 3424 enim
991 3361 1105 3441 agitur,
1130 3359 1296 3442 quomodo
1320 3377 1393 3423 sese
1417 3360 1538 3439 gesturi
1561 3359 1626 3423 sint
1650 3376 1736 3421 novo
1759 3357 1793 3420 in
1817 3355 1982 3420 domicillo

177 3464 297 3541 coloni,
323 3482 463 3547 quorum
487 3465 716 3531 deductionem
741 3466 887 3531 nondum
912 3465 1031 3531 factam
1055 3466 1171 3532 Rullus
1194 3466 1331 3549 adsequi
1354 3466 1470 3530 studet.
1688 3537 1689 3540 Ἴ

336 3573 459 3637 Eodem
483 3573 582 3638 niodo
606 3575 835 3655 conjunctivus
859 3575 1039 3656 praesentis
1063 3573 1118 3638 lut.
1142 3574 1282 3656 periphr.
1308 3579 1343 3637 ut
1359 3572 1545 3655 potentialis
1563 3572 1660 3637 futuri
1677 3570 1879 3653 particulam,
1899 3588 1983 3652 quae

178 3685 227 3744 est
239 3676 411 3766 forsitan,
436 3680 584 3762 sequitur

338 3784 401 3849 An.
427 3785 495 3864 Xll,
520 3787 570 3864 18,
598 3787 629 3850 1:
656 3805 740 3869 quae
764 3804 817 3851 res
841 3787 977 3853 forsitan
1001 3785 1044 3853 stt
1067 3784 1280 3867 refricaturu
1303 3788 1422 3852 vulnus
1446 3805 1565 3851 meum.
