4274 5790
1916 254 1956 319 31

195 436 346 515 tempore
368 452 436 499 non
459 431 565 497 factae
589 433 658 497 sire
682 432 893 513 conjunctivo
917 431 1229 515 plusquamperfecti
1247 437 1283 496 ut
1298 432 1518 497 condicionali
1534 432 1570 499 ΙΙ.
1603 431 1763 499 Omnibus
1780 431 1862 496 locis
1874 438 2004 514 praeter

194 556 302 604 unum
325 539 461 605 rerbum
484 557 601 620 regens
625 546 772 622 tempore
797 543 960 622 praesenti
985 540 1093 604 utitur.

356 646 513 729 Exempla
537 647 619 712 haec
643 653 732 712 sunt:

357 752 392 818 ln
424 752 496 818 Vat.
527 759 599 818 test.
624 755 776 836 interrog.
801 752 898 840 §2dz
931 771 1063 836 quaero,
1089 754 1117 817 si
1141 772 1244 835 augur
1266 753 1373 818 factus
1397 771 1497 831 esses,
1521 760 1630 818 utrum
1655 750 1858 818 decreturus
1878 750 2002 835 fueris,

187 857 280 925 Jove
303 858 446 942 fulgente
469 879 545 925 cum
569 860 692 944 populo
715 861 767 943 agi
790 860 884 925 netas
907 878 990 934 esse,
1015 880 1058 925 an
1081 861 1229 943 auspicia
1250 857 1362 943 fueris
1385 879 1489 943 augur
1513 857 1757 926 dissoluturus

356 966 392 1032 ln
415 967 525 1032 Pison.
550 986 597 1032 or.
622 966 644 1054 ξ
671 968 726 1032 14:
751 968 906 1033 ostendis.
932 967 1039 1051 qualis
1062 974 1106 1045 tu,
1131 969 1159 1032 si
1183 969 1228 1032 ita
1251 966 1333 1033 torte
1356 968 1540 1049 accidisset,
1562 964 1686 1055 fueris
1709 967 1826 1032 consul
1837 965 2000 1054 futurus,

355 1073 419 1139 Pro
443 1073 507 1140 Mil.
533 1093 579 1140 or.
604 1072 627 1159 ξ
650 1074 707 1139 33:
741 1081 798 1155 (au
821 1093 908 1152 vero,
930 1073 1083 1160 judices)
1115 1081 1243 1140 restrae
1266 1076 1514 1157 peregrinantur
1534 1094 1631 1140 aures
1655 1093 1762 1157 neque
1786 1075 1820 1138 in
1844 1076 1907 1140 hoc
1933 1094 2003 1157 per·

194 1186 313 1264 mato
343 1181 483 1246 civitatis
516 1200 668 1247 sermone
701 1189 881 1256 versantur,
917 1200 999 1265 quas
1032 1182 1086 1247 ille
1120 1182 1208 1264 leges
1221 1180 1338 1270 juerit
1359 1174 1582 1269 impositurus
1607 1182 1702 1247 nobis
1726 1182 1880 1247 omnibus
1904 1188 2002 1265 atque

90 1334 94 1341 -
130 1350 135 1355 .
196 1284 400 1363 drusturus?
423 1287 481 1375 (sc.
506 1287 651 1364 Clodius,
675 1290 703 1353 si
726 1294 859 1372 praetor
880 1288 986 1354 iactus
1009 1287 1119 1375 esset.)

90 1380 114 1559 ἱ.
310 1411 314 1421 ·
354 1396 468 1462 1bdm.:
502 1397 619 1475 ridete,
654 1397 731 1481 quid
764 1415 805 1462 ca
828 1398 896 1462 ritii
919 1397 972 1462 lex
996 1392 1161 1463 habitura
1172 1394 1298 1485 fuerit,
1324 1396 1382 1484 (sc.
1403 1398 1431 1462 si
1454 1397 1659 1480 promulgata
1683 1394 1781 1481 esset)
1805 1396 1899 1460 cuius
1922 1398 2003 1479 peri-

90 1530 113 1583 j
187 1502 312 1570 culosa
334 1505 433 1569 etiam
456 1504 670 1587 reprehensio
695 1512 754 1569 est.

356 1610 419 1676 Pro
451 1611 554 1693 Ligar.
588 1630 635 1677 or.
668 1609 771 1697 §24³
807 1629 1016 1694 quamquam,
1042 1611 1120 1695 quid
1132 1607 1276 1698 facturi
1285 1607 1442 1698 fueritis
1468 1608 1525 1698 (sc.
1550 1612 1578 1675 si
1601 1613 1635 1690 in
1658 1609 1862 1693 provinciam
1886 1612 2002 1675 essetis

185 1716 339 1804 mcepti),
365 1717 519 1794 dubitem,
544 1738 646 1801 quum
670 1718 809 1793 videam,
835 1717 913 1801 quid
937 1716 1101 1783 feceritis?

355 1823 407 1892 Or.
442 1832 516 1908 post
548 1826 640 1891 redit.
674 1827 708 1890 in
742 1844 811 1890 sen.
841 1824 941 1889 habit.
965 1824 988 1910 ξ
1011 1824 1049 1889 9;
1083 1825 1172 1906 quod
1195 1825 1223 1889 si
1247 1825 1283 1906 Q.
1309 1824 1458 1890 Metellus
1481 1824 1538 1889 illo
1562 1829 1711 1906 tempore
1735 1823 1853 1888 consul
1877 1822 2000 1901 luisset,

185 1930 362 2010 dubitatis,
388 1951 454 2016 quo
478 1933 589 1998 animo
612 1934 646 1998 iu
671 1951 722 1996 me
746 1931 974 1997 conservando
987 1929 1107 2019 fucrit
1115 1928 1292 2019 futurus?

354 2038 444 2104 Fam.
478 2040 518 2117 X,
549 2041 601 2116 31,
625 2038 646 2105 5
670 2039 815 2121 (Polliolz
851 2058 916 2123 qua
939 2039 1057 2104 tradita
1080 2036 1134 2124 (=
1158 2056 1243 2122 quae
1267 2039 1294 2103 si
1319 2045 1406 2104 esset
1429 2039 1547 2103 tradita
1570 2058 1616 2102 sc.
1641 2038 1726 2119 legio
1750 2036 1853 2124 XXX)
1878 2044 2001 2122 quanto

181 2143 355 2211 infirmior
365 2143 519 2232 futurus
530 2142 681 2232 fuerim,
709 2147 782 2230 quis
806 2146 956 2227 ignorat?

354 2252 463 2318 Uuum
495 2252 575 2318 illud
600 2253 795 2335 exemplum,
826 2253 859 2316 in
882 2271 949 2334 quo
973 2269 993 2315 a
1016 2257 1163 2333 tempore
1187 2253 1362 2335 praeterito
1387 2253 1528 2334 pendeat
1551 2253 1761 2334 interrogatio
1785 2250 1928 2335 obliqua,
1953 2258 2003 2317 est

353 2350 416 2424 hu.
440 2358 476 2436 ll,
505 2360 554 2434 16,
580 2360 614 2423 2:
640 2355 727 2443 quid
746 2355 909 2440 futurum
919 2355 1047 2444 suerit,
1072 2359 1099 2422 si
1123 2358 1260 2423 Bibulus
1283 2364 1352 2423 tum
1376 2359 1409 2423 in
1426 2359 1530 2424 iorum
1550 2359 1784 2435 descendisset,
1801 2377 1837 2423 se
1853 2359 2001 2423 divinare

184 2482 262 2531 nou
286 2466 441 2546 potuisse.

358 2612 604 2700 Corqunctious
634 2612 970 2701 plusquamperfect
1002 2613 1067 2698 fut.
1090 2613 1245 2703 periphr.
1271 2618 1305 2682 in
1328 2618 1519 2701 quaestione
1543 2618 1711 2694 indirecta,
1737 2637 1822 2701 quae
1845 2618 2002 2701 apodosis

185 2729 245 2789 est
267 2723 488 2808 hypothetica.

354 2875 425 2941 Hoc
449 2881 578 2958 tempus
602 2877 636 2939 in
660 2875 798 2957 apodosi
822 2876 1017 2957 sumptionis
1041 2877 1088 2941 rei
1112 2895 1179 2941 non
1203 2875 1308 2940 tactae
1332 2884 1407 2957 post
1431 2883 1559 2959 tempus
1584 2877 1775 2942 historicum
1788 2896 1855 2941 uno
1873 2884 2000 2941 tantum

188 2982 269 3050 loco
301 2983 421 3048 inveni.
469 2982 525 3046 Est
557 3001 602 3046 or.
636 3002 696 3066 pro
729 2981 787 3047 Cn.
814 2982 948 3047 Plancio
971 2980 994 3068 ξ
1017 2982 1073 3047 90:
1108 2984 1187 3066 quin
1220 2984 1318 3049 etiam
1342 2985 1370 3046 si
1393 3002 1444 3048 me
1468 2984 1518 3047 vis
1541 2984 1650 3067 aliqua
1675 2983 1781 3048 morbi
1804 2989 1860 3048 aut
1883 2991 2000 3048 natura

176 3092 267 3175 ipsu
298 3091 567 3172 consumpsisset,
601 3095 711 3154 tamen
743 3089 865 3153 auxilia
897 3090 1096 3171 posteritatis
1129 3097 1239 3155 essent
1261 3092 1442 3168 imminuta,
1478 3091 1565 3174 quod
1590 3097 1794 3173 peremptum
1818 3099 1905 3155 esset
1928 3109 2002 3156 mea

190 3203 300 3264 morte
324 3197 356 3261 id
379 3197 577 3280 exemplum,
603 3197 709 3280 qualis
720 3193 874 3284 futurus
896 3197 932 3259 in
954 3214 1007 3260 me
1031 3198 1202 3262 retinendo
1214 3194 1350 3285 fuisset
1372 3203 1506 3262 senatus
1529 3197 1737 3280 populusque
1761 3199 1940 3262 Romanus.

354 3303 437 3369 Illud
474 3304 682 3369 ›retinendm
717 3303 768 3367 rel
802 3302 978 3367 delendum
1002 3322 1075 3368 esse
1098 3303 1151 3368 vel
1174 3305 1207 3366 in
1236 3304 1474 3369 »restituendos
1503 3303 1693 3368 mutandum
1718 3306 1846 3369 censuit
1871 3304 2002 3370 Garato-

177 3415 279 3480 nius.
322 3412 414 3490 dure,
447 3413 556 3476 credo.
604 3411 688 3475 Nam
720 3430 787 3475 non
818 3417 883 3474 tam
916 3410 951 3474 in
973 3411 1145 3476 retinendo
1170 3430 1268 3494 quam
1293 3413 1327 3475 in
1350 3410 1553 3476 restituendo
1576 3412 1727 3493 apparuit
1749 3413 1879 3476 animus
1903 3413 2000 3477 studi·

101 3514 113 3527 ”
180 3538 316 3604 umque
350 3537 426 3602 erga
457 3516 651 3584 Ciceronem
683 3523 817 3582 senatus
849 3517 1027 3600 populique
1061 3518 1211 3583 Romani.
1273 3518 1373 3584 Uncis
1405 3518 1610 3582 incluserunt
1641 3518 1790 3584 Baiterus
1814 3521 1847 3584 in
1879 3520 1932 3586 Or.
1962 3520 2000 3597 ll,

191 3629 370 3712 Kaysems.

352 3777 427 3843 lam
459 3778 555 3859 igitur
585 3777 735 3852 vidimus,
770 3776 1032 3841 condicionalem
1064 3776 1100 3852 II,
1135 3795 1233 3859 quem
1266 3783 1394 3851 vocant,
1429 3779 1462 3841 in
1487 3778 1679 3860 quaestione
1703 3776 1837 3861 obliqua
1865 3778 2002 3860 exprimi

193 3879 226 3970 1)
244 3886 329 3967 post
360 3887 494 3968 tempus
520 3880 720 3968 principale
751 3887 783 3966 a)
816 3903 875 3966 per
897 3885 983 3966 conj.
1010 3880 1147 3968 imperf.
1173 3884 1229 3948 lut.
1254 3883 1394 3965 periphr.
1420 3884 1557 3966 (semel),
1582 3883 1615 3965 b)
1637 3903 1698 3967 per
1720 3885 1806 3966 conj.
1827 3882 1918 3974 pers.
1943 3884 2000 3950 fut.

191 3990 335 4074 periphr.
369 3988 529 4078 (septies);
563 3990 595 4076 2)
623 3995 706 4074 post
730 3994 864 4074 tempus
887 3987 1090 4055 historicum
1123 3989 1154 4077 a)
1178 4010 1236 4073 per
1255 3991 1340 4072 conj.
1367 3987 1505 4079 imperf.
1531 3991 1587 4055 tut.
1612 3991 1752 4073 periphr.
1777 3991 1861 4079 (bis),
1887 3990 1919 4078 b)
1944 4012 2002 4074 per

192 4099 281 4179 conj.
302 4095 395 4182 perf.
420 4096 476 4162 fut.
501 4098 641 4181 periphr.
667 4097 802 4184 (semel),
827 4096 857 4184 c)
881 4117 939 4180 per
962 4098 1048 4179 conj.
1068 4095 1355 4184 plusquampers.
1381 4098 1437 4162 sut.
1462 4098 1603 4181 periphr.
1629 4096 1763 4185 (semel).

743 4579 1082 4692 Enuntiationes
1119 4580 1444 4722 hypotheticae.

353 4811 509 4896 Exempla
533 4814 597 4877 huc
622 4813 817 4895 pertinentia
841 4812 882 4878 ad
906 4815 967 4878 tria
983 4815 1038 4878 illa
1054 4833 1175 4896 genera
1189 4801 1399 4897 periodorum
1416 4814 1700 4897 hypotheticarum
1716 4815 1830 4880 reterri
1846 4824 1998 4898 possunt:

189 4920 539 5002 genusiudicativum,
565 4939 668 5002 genus
692 4920 879 5003 potentiale,
904 4940 1007 5002 genus
1031 4921 1259 4986 condicionale
1282 4921 1334 4986 vel
1358 4922 1485 4986 irreale.

216 5026 224 5042 ‘
352 5025 463 5093 Genus
486 5029 707 5093 indicativum.

352 5134 442 5215 Quae
464 5135 506 5200 ad
530 5135 593 5200 hoc
617 5155 720 5217 genus
744 5136 914 5201 reserenda
937 5142 1014 5200 sunt
1036 5135 1194 5218 exempla,
1220 5153 1334 5199 eorum
1358 5142 1487 5217 praeter
1510 5156 1612 5201 unum
1637 5138 1783 5201 omnium
1807 5137 1839 5201 id
1863 5142 1913 5201 est
1929 5156 2000 5218 pro·

189 5240 309 5326 prium,
333 5241 422 5324 quod
438 5242 524 5322 conj.
544 5242 598 5306 tut.
619 5244 759 5324 periphr.
778 5245 810 5306 in
827 5245 949 5325 protasi
966 5243 1090 5324 legitur,
1109 5261 1192 5323 quae
1211 5243 1372 5306 sententia
1390 5245 1547 5307 orationis
1564 5243 1718 5327 obliquae
1735 5244 1931 5308 secundaria
1947 5247 1997 5309 sit.
