4274 5790
870 520 999 584 Genus
1032 519 1262 601 potentiale.

319 679 436 744 Orator
466 679 489 765 ξ
522 681 581 744 ll:
614 687 783 763 praeterea
815 681 856 744 ad
890 681 1039 744 virtutem
1075 681 1180 743 maior
1211 678 1339 742 indoles
1371 683 1429 758 (sc.
1454 680 1488 742 in
1512 679 1657 743 Isocrate
1681 681 1754 758 est),
1779 683 1814 741 ut
1837 674 1977 738 minime

159 786 275 848 mirum
289 783 461 872 futurum
485 785 537 867 sit,
562 789 599 863 si,
633 806 733 869 quum
758 793 864 851 aetate
888 788 1094 868 processerit,
1121 825 1161 833 ·-
1187 790 1330 868 praestet
1354 785 1517 862 omnibus,
1543 786 1599 868 qui
1623 802 1779 867 umquam
1804 782 1977 847 orationes

159 893 343 974 attigerunt.

318 1016 354 1080 ln
385 1017 467 1081 Plat.
500 1017 641 1082 Phaedri
673 1017 696 1104 ξ
728 1019 793 1082 279
826 1036 944 1100 graeca
977 1018 1033 1082 illa
1068 1015 1168 1080 verba
1200 1015 1360 1097 leguntur,
1398 1035 1482 1099 quae
1516 1017 1548 1080 in
1573 1015 1709 1080 latinum
1734 1014 1788 1079 hic
1811 1011 1980 1078 convertit

159 1122 285 1197 CicerO,
322 1130 353 1188 et
382 1131 529 1189 nostrum
553 1145 602 1190 ex.
627 1144 744 1207 graece
768 1127 815 1191 sic
840 1144 876 1190 se
901 1125 1015 1190 habet:
1052 1131 1152 1208 (deaei
1172 1133 1235 1210 por)
1258 1127 1301 1190 ἔτι
1323 1150 1356 1190 τε
1378 1127 1447 1211 ἤθει
1469 1128 1674 1212 γεννικωτέρῳ
1698 1126 1873 1210 κεκρᾶσθαι·
1898 1125 1980 1186 ὥστε

160 1228 247 1290 οὐδὲν
273 1226 309 1289 ἂν
332 1227 447 1311 γένοιτο
471 1227 656 1312 θαυμαστόν,
679 1228 841 1313 προϊούσης
864 1234 916 1314 τῆς
940 1232 1058 1314 ἡλικίας
1081 1230 1108 1294 εἰ
1133 1271 1174 1279 -
1199 1232 1344 1314 &tertiam
1367 1236 1426 1293 τῶν
1448 1234 1571 1294 πώποτε
1594 1229 1759 1316 ἁψαμένων
1783 1227 1894 1311 λόγων.

320 1370 373 1437 Or.
400 1370 480 1435 Phil.
506 1370 534 1434 V
558 1368 580 1456 ξ
606 1372 661 1435 12:
687 1371 806 1454 quibus
829 1371 928 1436 rebus
952 1380 1043 1437 tanta
1065 1376 1207 1456 pecunia
1230 1394 1297 1439 una
1320 1375 1354 1438 in
1378 1372 1477 1436 domo
1502 1379 1697 1439 coacervata
1721 1378 1779 1447 est,
1803 1376 1849 1446 ut,
1866 1370 1897 1434 si
1914 1370 1978 1435 hoc

159 1496 262 1558 genus
287 1479 447 1560 pecuniae
471 1478 505 1541 in
529 1479 692 1542 aerarium
716 1478 890 1560 redigatur,
915 1498 982 1543 non
1006 1479 1050 1545 sit
1073 1485 1215 1562 pecunia
1244 1483 1290 1546 rei
1315 1480 1466 1562 publicae
1492 1477 1671 1568 (lautum.

318 1601 440 1666 Verba:
474 1600 506 1666 si
531 1597 597 1666 hoc
626 1621 740 1685 penus
766 1602 940 1687 pecuniae
972 1602 1007 1669 in
1041 1604 1222 1671 aerarium
1255 1602 1441 1687 radientur
1472 1624 1539 1669 non
1572 1604 1724 1687 leguntur
1745 1605 1780 1666 in
1803 1600 1976 1669 codicibus

160 1707 218 1771 sed
253 1709 445 1790 conjectura
478 1710 620 1773 inventa.
677 1709 788 1775 Codex
817 1712 904 1774 enirn
929 1712 1071 1793 optimus
1095 1713 1353 1796 Philippicarum
1378 1730 1424 1776 or.
1450 1709 1502 1794 (V)
1526 1711 1639 1776 habet:
1665 1707 1731 1775 hoc
1752 1728 1866 1794 penus
1885 1728 1981 1794 pene

162 1813 197 1879 in
233 1835 344 1880 unum
380 1812 575 1899 rectr'patur,
610 1818 711 1881 ceteri
744 1816 849 1881 codd:
886 1812 952 1881 hoc
982 1837 1094 1900 ponus
1120 1817 1154 1882 in
1181 1839 1290 1884 unum
1315 1836 1342 1882 r.
1391 1816 1509 1881 Klotzii
1532 1816 1630 1883 lectio
1655 1818 1838 1900 composita
1861 1821 1917 1881 est
1939 1835 1982 1881 ex

161 1922 290 1987 duabus
314 1923 527 2005 conjecturis:
552 1942 666 2006 penus
688 1921 866 2006 pecoriiue,
892 1941 976 2006 quae
1001 1931 1050 1989 est
1074 1925 1192 2003 Ursini,
1217 1931 1262 1990 et:
1289 1923 1323 1989 in
1348 1920 1538 2000 aerarium,
1565 1942 1649 2006 quae
1673 1931 1723 1989 est
1744 1922 1853 1990 Orelli.
1905 1922 1982 1987 Hal·

161 2031 246 2093 nnius
270 2028 338 2115 (Or.
365 2030 403 2111 ll)
427 2031 584 2112 conjecit:
611 2028 735 2113 inpone
746 2026 872 2116 senua,
899 2049 1097 2114 quamquam
1122 2033 1156 2095 in
1180 2037 1368 2096 contextum
1393 2030 1425 2095 id
1451 2049 1518 2093 non
1536 2031 1665 2112 recipit;
1691 2031 1856 2114 Kayserus
1873 2030 1982 2112 suspi-

162 2143 255 2201 catur
278 2136 450 2217 legendum
476 2155 563 2201 esse:
590 2132 656 2201 hoc
678 2155 791 2219 penus
815 2135 972 2221 rapinae,
997 2156 1198 2221 quamquam
1223 2158 1264 2204 ne
1289 2139 1343 2204 ille
1368 2137 1500 2221 quidem
1524 2137 1557 2201 in
1581 2144 1770 2203 contextum
1796 2137 1981 2221 quidquam

162 2261 202 2308 ex
236 2244 427 2325 conjectura
451 2245 583 2325 recepit.
632 2244 665 2307 P.
690 2244 759 2307 Ric.
785 2243 975 2309 Muellerus:
1001 2242 1067 2308 hoc
1088 2265 1201 2329 penus
1220 2243 1348 2331 populi
1370 2245 1404 2310 in
1429 2263 1532 2309 usum
1556 2240 1751 2327 redipatur,
1776 2262 1875 2327 quam
1901 2262 1982 2309 con·

157 2351 320 2432 jecturam
344 2353 529 2432 speciosam
548 2349 699 2427 loturam,
717 2351 779 2414 nisi
796 2351 994 2416 vocabulum
1010 2370 1123 2434 penus
1140 2352 1294 2430 obstaret,
1313 2352 1400 2436 quod
1418 2350 1621 2434 probabilem
1638 2351 1834 2416 sententiam
1851 2349 1980 2415 nullam

163 2458 290 2535 haheat,
316 2458 464 2522 Halmius
488 2458 519 2538 (l.
545 2456 587 2544 c.)
607 2458 745 2539 judicat.
794 2458 947 2523 Fortasse
971 2459 1144 2540 legendum
1169 2466 1238 2524 est:
1265 2461 1292 2524 si
1317 2460 1380 2523 hoc
1404 2477 1507 2539 genus
1531 2459 1692 2540 pecuniae
1716 2459 1749 2522 in
1767 2475 1870 2523 usum
1887 2477 1981 2522 com·

163 2584 304 2629 murram
339 2566 511 2646 redigatur.
559 2565 629 2628 Hoc
654 2565 756 2629 enim:
789 2584 891 2630 usum
915 2583 1135 2630 communem
1160 2585 1227 2630 non
1252 2566 1380 2630 videtur
1404 2564 1582 2629 admodum
1606 2583 1680 2629 esse
1705 2562 1837 2629 difficile
1860 2582 1981 2629 eruere

162 2691 202 2735 ex
237 2672 403 2737 codicum:
438 2669 474 2736 in
509 2691 628 2751 unum,
662 2679 761 2755 atque
794 2673 828 2735 in
866 2690 987 2754 »penes
1020 2672 1121 2737 latere
1146 2673 1224 2737 illud
1249 2672 1291 2737 ab
1316 2671 1435 2737 Ursino
1458 2673 1661 2754 conjectum:
1682 2669 1857 2755 pecuniae
1880 2669 1980 2734 lacile

163 2779 318 2854 adducor,
344 2784 379 2843 ut
402 2779 545 2843 credam.

326 2903 433 2968 Unum
458 2922 507 2968 ex.
532 2909 643 2979 restat,
669 2909 704 2967 ut
728 2903 871 2980 afferam,

323 3046 411 3110 Fam.
438 3047 476 3122 X,
502 3047 532 3122 9,
558 3046 578 3109 2
602 3044 784 3132 (Plancus):
811 3047 857 3110 sio
882 3047 1026 3110 honores
1051 3046 1261 3128 praemiaque
1286 3052 1394 3110 vestra
1417 3045 1572 3126 suspicio,
1598 3082 1650 3120 —,
1676 3055 1713 3110 ut
1735 3046 1808 3110 sine
1830 3044 1871 3109 iis
1897 3042 1979 3107 nihil

163 3154 203 3217 de
229 3171 302 3217 meo
326 3152 434 3217 studio
459 3155 769 3236 perseverantiaque
793 3151 859 3217 sim
884 3150 1098 3217 remissurus
1108 3174 1120 3234 ,·

324 3276 379 3341 ubi
403 3278 501 3341 etiam
526 3277 756 3358 conjunctivus
780 3277 1036 3358 periphrasticus
1059 3275 1269 3358 hypothetice
1294 3277 1422 3358 pendet.
1471 3274 1630 3340 Condicio
1655 3276 1814 3340 enimin:
1839 3272 1915 3341 sine
1937 3271 1981 3338 its

164 3385 252 3450 latet.
299 3385 389 3464 Quae
424 3384 556 3467 quidem
589 3383 741 3448 condicio
776 3389 883 3447 utrum
917 3382 1079 3465 objective
1108 3401 1150 3446 an
1174 3383 1393 3464 potentialiter
1417 3384 1613 3466 proferenda
1638 3382 1689 3458 sit,
1720 3383 1881 3447 incertum
1905 3399 1981 3446 esse

164 3493 300 3556 videtur.
347 3491 449 3573 Magis
482 3498 606 3556 certum
640 3496 749 3555 autem
783 3490 911 3553 videtur
934 3507 1016 3565 esse,
1042 3489 1204 3571 apodosin
1229 3489 1426 3570 obJectivam
1451 3490 1549 3555 iuturi
1573 3490 1731 3572 temporis
1754 3489 1821 3552 vim
1844 3486 1979 3553 hahere.

164 3600 199 3663 ln
232 3601 380 3664 oratione
413 3618 480 3663 non
513 3597 667 3680 pendenti
691 3597 788 3678 igitur
810 3603 880 3660 aut:
914 3597 1013 3660 etiam
1038 3597 1066 3659 si
1089 3614 1129 3660 ea
1154 3614 1219 3659 non
1244 3596 1382 3677 adeptus
1406 3615 1473 3672 ero,
1504 3616 1571 3662 non
1595 3597 1758 3661 remittam
1781 3599 1853 3659 aut:
1878 3594 1980 3659 etiam

165 3707 191 3768 si
225 3724 261 3769 ea
293 3725 360 3770 non
383 3706 521 3788 adeptus
545 3706 617 3778 sim,
643 3722 710 3768 non
733 3704 906 3767 remittam.
959 3703 1081 3767 »Etiam
1106 3704 1153 3766 si»
1180 3704 1307 3785 scripsi,
1333 3722 1414 3768 non:
1440 3702 1516 3784 nisi,
1542 3722 1607 3787 qua
1632 3701 1793 3785 particula
1815 3701 1984 3766 sententia

165 3812 261 3893 plane
294 3813 517 3877 inverteretur.
565 3812 639 3876 Non
672 3811 768 3892 igitur
799 3817 903 3873 totum
937 3810 1191 3891 praepositionis
1224 3808 1299 3873 sine
1331 3829 1406 3874 cum
1431 3812 1564 3874 nomine
1589 3809 1729 3891 protasis
1753 3807 1828 3873 loco
1852 3807 1983 3889 positae

165 3939 259 3982 usum
285 3919 605 4001 comprehenderunt
628 3919 743 3982 Lattm.
769 3924 800 3982 et
824 3917 990 3992 Miillerus,
1016 3937 1116 4000 quum
1143 3918 1176 3980 in
1200 3918 1280 3980 artis
1304 3935 1384 3981 suae
1408 3916 1430 4001 ξ
1456 3916 1528 3992 175,
1551 3917 1616 3981 30.
1635 3915 1765 3992 docent,
1784 3913 1982 3996 particulam

165 4024 240 4091 sinc
263 4046 336 4090 cum
363 4027 495 4090 nornine
519 4027 660 4107 protasis
684 4025 758 4089 loco
782 4027 921 4106 positam
947 4025 1128 4088 sententiae
1155 4023 1386 4107 hypotheticae
1408 4042 1428 4086 a
1449 4021 1517 4087 nisi
1531 4022 1751 4104 proficiscenti
1768 4020 1981 4103 respondere.

628 4503 965 4616 [nuntiationes
1003 4535 1033 4614 a
1070 4505 1201 4644 quin
1238 4501 1511 4642 incipientes

325 4758 416 4838 Quae
441 4757 682 4821 enuntiationes
707 4775 726 4818 a
750 4753 836 4839 quin.
860 4755 1106 4838 proficiscentes
1130 4754 1378 4834 conjunctivum
1404 4749 1501 4814 iuturi
1527 4749 1754 4832 periphrastici
1771 4747 1904 4824 habent,
1923 4766 1985 4812 eae

166 4886 186 4930 a
217 4864 452 4929 locutionibus:
487 4882 558 4927 nort
583 4859 712 4935 (lubitu,
746 4882 814 4925 troo
842 4859 988 4926 (labium
1012 4865 1063 4927 est
1103 4860 1210 4947 inemo
1235 4859 1369 4936 dubitat,
1404 4877 1445 4922 ne
1479 4857 1646 4932 dubitaris,
1677 4855 1799 4932 dubita,
1833 4855 1862 4919 si
1886 4861 1986 4937 potes

167 4972 221 5059 (=
245 4972 394 5036 dubitare
418 4989 484 5034 non
509 4968 624 5054 potes),
658 4988 701 5033 an
735 4975 841 5050 potest
864 4970 1036 5050 quisquam
1061 4969 1219 5042 dubitare,
1246 4967 1399 5049 cuiquam
1424 4964 1523 5028 credo
1547 4982 1620 5027 esse
1645 4963 1790 5039 dubium,
1824 4962 1879 5026 cui
1912 4968 1987 5026 erat

167 5079 323 5165 dubiuml,
353 5097 439 5143 num
463 5073 550 5161 quid
574 5094 703 5140 causae
728 5078 779 5140 est
801 5073 926 5160 (semel)
951 5074 1106 5156 pendent.

327 5221 387 5286 Hic
412 5236 544 5302 quoque
568 5219 634 5282 duo
658 5217 714 5282 illa
737 5216 962 5298 exemplorum
986 5234 1107 5297 genera
1131 5215 1333 5280 secernenda
1357 5220 1444 5277 sunt.
