4274 5790
204 240 246 303 32

319 414 411 497 ConJ.
433 433 551 499 praes.
576 413 632 479 lut.
658 415 798 497 periphr.
1915 488 1918 495 ,

319 518 383 583 Mil.
415 517 438 604 ξ
471 518 527 583 96:
562 537 650 582 nunc
683 519 835 599 denique,
869 518 896 581 si
924 518 1006 582 haec
1031 524 1146 581 contra
1169 535 1205 582 se
1227 514 1296 582 sint
1306 514 1450 604 futura,
1475 519 1536 583 sibi
1560 520 1715 587 facinoris
1739 523 1968 606 suspitionem,

160 645 226 690 nou
250 625 327 690 lacti
351 626 475 690 crimen
499 625 640 689 obstare.

319 731 456 797 Obstare
479 751 524 796 sc.
550 732 620 809 scit,
646 731 734 814 quod
757 750 797 796 ex
821 732 968 814 proxime
992 732 1213 796 antecedenti:
1239 731 1395 797 meminit
1417 740 1466 798 est
1489 735 1697 800 audiendum.

319 839 372 905 Or.
397 846 501 904 recta:
535 840 562 902 si
586 839 668 903 haec
692 846 807 903 contra
830 857 882 902 me
907 845 1000 903 erunt
1023 838 1075 904 vel
1099 837 1208 903 lutura
1230 846 1314 915 sunt,
1341 841 1419 904 mihi
1444 840 1598 906 laciuoris
1622 843 1769 925 suspitio,
1795 834 1862 908 nou
1885 841 1968 908 facti

159 947 283 1011 crimen
308 946 424 1010 obstat.
473 944 580 1009 Minus
604 946 758 1010 usitatum
782 951 892 1009 tamen
916 944 1060 1009 futurum
1084 944 1222 1027 simplex
1246 946 1279 1009 in
1303 946 1491 1012 huiusmodi
1512 950 1676 1032 protasi.¹)

318 1054 415 1117 Tusc.
448 1052 488 1116 lll
522 1050 544 1137 ξ
577 1051 635 1116 32;
670 1050 704 1117 Si
737 1071 881 1117 verone
902 1049 1072 1138 futurum
1106 1052 1238 1136 quidem
1270 1051 1315 1118 sit
1341 1057 1398 1135 (sc.
1423 1055 1502 1119 illud
1527 1057 1797 1138 praemeditatum
1822 1055 1971 1144 malum),

159 1160 283 1226 frustra
306 1161 429 1242 suscipi
455 1161 619 1224 miseriam
643 1160 860 1225 voluntariam
885 1179 930 1224 sc.
956 1167 1069 1226 censet
1093 1161 1261 1244 Epicurus

319 1267 372 1333 Or.
396 1274 500 1332 recta:
526 1265 560 1332 Si
582 1286 661 1332 vero
685 1286 727 1331 ne
750 1267 894 1331 futurum
919 1269 1050 1349 quidem
1075 1274 1133 1346 est,
1159 1268 1279 1333 trustra
1301 1269 1537 1350 suscipitur-
1552 1309 1596 1318 -
1615 1309 1665 1334 -.

318 1374 382 1439 Au.
407 1374 444 1450 V,
469 1375 499 1449 4,
525 1374 559 1437 2:
584 1380 634 1438 est
657 1375 745 1439 euim
767 1375 820 1451 ita,
846 1381 891 1452 ut,
915 1376 942 1439 si
967 1383 1042 1440 ante
1066 1375 1135 1440 Kal.
1161 1375 1278 1441 Junias
1301 1376 1466 1441 Brundisii
1471 1374 1624 1465 futurus
1639 1376 1691 1459 sit,
1709 1380 1816 1443 minus
1831 1357 1974 1459 urgendi

160 1482 279 1547 luerint
303 1481 342 1545 bl.
368 1481 515 1546 Anneius
539 1488 572 1545 et
596 1480 628 1544 L.
653 1480 788 1546 Tullius.

320 1589 380 1653 Hic
409 1589 639 1670 conjunctivus
672 1589 705 1652 iu
738 1589 860 1670 protasi
893 1596 943 1652 est
974 1597 1109 1671 propter
1140 1590 1229 1654 modi
1260 1593 1488 1656 attractionem
1516 1593 1643 1674 positus
1667 1592 1838 1674 nequead
1862 1593 1972 1675 ipsam
2044 1656 2046 1677 ,

159 1697 354 1762 senteutiam
386 1697 629 1779 hypotheticam
655 1697 803 1778 pertinet,
829 1702 940 1778 utpute
975 1715 1059 1779 quae
1084 1716 1206 1762 meram
1232 1703 1330 1780 atque
1354 1699 1534 1781 simplicem
1559 1701 1778 1782 sumptionem
1802 1702 1975 1766 contineat
2037 1682 2046 1831 i

160 1805 251 1869 nulla
272 1803 485 1868 dubitationis
508 1805 541 1867 vi
564 1803 717 1867 admixta.
2044 1882 2046 1889 Α

319 1911 462 1991 Utraque
486 1911 647 1974 sententia
671 1929 738 1975 uon
761 1909 908 1992 pendeus
931 1911 995 1975 hoc
1018 1911 1117 1976 modo
1141 1929 1177 1975 se
1202 1910 1349 1977 baberet:
1375 1913 1402 1976 si
1428 1949 1467 1959 -
1492 1913 1552 1976 erit
1575 1912 1594 1977 l.
1624 1912 1752 1979 futurus
1776 1921 1835 1991 est,
1860 1915 1975 1980 minus

159 2019 295 2101 urgendi
319 2018 450 2083 luerunt
471 2055 515 2063 -
530 2054 584 2080 -.

321 2124 356 2189 Iu
381 2124 539 2206 exemplis
562 2123 669 2188 allatis
693 2123 858 2206 objectiva
881 2123 979 2188 futuri
1003 2126 1159 2206 temporis
1182 2125 1231 2189 vis
1254 2126 1289 2189 in
1313 2124 1417 2189 torma
1439 2126 1676 2209 periphrastica
1699 2128 1808 2194 inesse
1831 2129 1973 2194 videtur.

160 2232 349 2314 Subjectiva
373 2240 481 2296 autem
504 2233 536 2295 vi
559 2231 726 2313 praeditus
749 2238 799 2296 est
821 2231 906 2312 conj.
930 2249 1036 2313 praes.
1062 2231 1118 2296 tut.
1144 2232 1284 2314 periphr.

319 2339 421 2403 Tusc.
439 2337 477 2414 V,
501 2336 524 2424 ξ
547 2336 603 2402 95;
630 2339 739 2421 itaque
764 2338 826 2402 bac
850 2356 985 2402 usurum
1009 2340 1278 2421 compensatione
1301 2339 1493 2419 sapientem,
1519 2346 1554 2404 ut
1578 2346 1610 2405 et
1633 2342 1833 2424 voluptatem
1857 2340 1974 2424 fugiat,

160 2447 187 2509 si
212 2464 251 2510 ea
275 2446 433 2508 maiorem
457 2444 604 2508 dolorem
629 2441 799 2530 effectura
822 2443 873 2520 sit,
899 2451 932 2509 et
955 2445 1102 2509 dolorem
1125 2447 1283 2528 suscipiat
1307 2447 1465 2510 maiorem
1490 2447 1688 2512 efficientem
1711 2450 1923 2531 voluptatem.

321 2551 373 2619 Or.
398 2557 501 2616 recta:
526 2552 589 2617 hac
613 2559 721 2617 utetur
743 2554 1022 2635 compensatione,
1047 2560 1083 2617 ut
1108 2592 1146 2600 -
1172 2554 1280 2636 lugiat,
1306 2555 1334 2616 si
1357 2571 1397 2618 ea
1420 2591 1464 2600 -
1486 2553 1641 2618 ellectum
1664 2557 1747 2619 esti.
1766 2574 1794 2620 e.
1812 2557 1840 2620 si
1856 2573 1976 2620 veren-

160 2660 237 2724 dum
261 2666 319 2736 est,
345 2679 386 2724 ue
409 2698 450 2706 -
475 2658 604 2724 elliciat.

319 2764 412 2848 Conj.
438 2763 576 2852 imperf.
602 2766 658 2830 lut.
683 2766 824 2848 periphr.

320 2873 390 2937 Hoc
421 2879 549 2954 tempus
582 2874 615 2936 iu
648 2874 771 2955 protasi
804 2873 846 2937 ad
880 2891 982 2954 genus
1005 2873 1216 2937 indicativum
1242 2875 1423 2957 pertinente
1447 2873 1610 2956 objectiva
1633 2873 1732 2940 luturi
1755 2875 1917 2957 temporis
1940 2876 1973 2940 vi

159 2981 342 3062 praeditum
367 2980 495 3043 duobus
519 2979 601 3044 locis
625 2979 753 3061 legitur:

320 3086 384 3151 Αῖῖ.
410 3087 463 3163 ΙΧ,
489 3086 518 3162 9,
544 3087 578 3150 4:
603 3087 644 3152 de
667 3087 838 3151 Lanuvino
863 3123 902 3133 -
929 3088 1048 3169 optavi,
1074 3088 1102 3150 si
1126 3086 1224 3151 modo
1248 3090 1337 3152 esset
1347 3085 1481 3176 futura
1505 3107 1557 3153 res
1581 3088 1722 3172 publica,
1749 3087 1832 3153 ulid
1849 3087 1969 3174 aliquis

160 3200 283 3259 emeret
305 3213 461 3258 meorum.

320 3300 372 3366 Or.
397 3306 500 3364 recta:
525 3298 559 3365 Si
583 3300 681 3364 modo
704 3301 765 3365 erit
789 3300 808 3364 l.
834 3300 942 3365 futura
965 3306 1015 3365 est
1036 3319 1089 3365 res
1114 3300 1302 3383 publica-
1321 3341 1365 3348 —
1382 3339 1434 3365 -.

320 3408 376 3489 Ep.
410 3408 450 3471 ad
476 3407 564 3471 Brut.
589 3408 611 3485 l,
636 3412 672 3483 ll,
706 3408 906 3489 2(Brutus):
941 3409 1120 3473 rediturum
1150 3407 1192 3472 ad
1216 3428 1277 3473 uos
1301 3408 1507 3473 confirmavit
1530 3408 1692 3490 legatione
1717 3414 1881 3490 suscepta,
1908 3409 1976 3473 nisi

160 3521 348 3598 praetorum
373 3516 506 3580 comitia
529 3509 684 3578 habituri
706 3519 821 3579 essent
842 3514 1006 3579 consules.

320 3621 372 3689 Or.
406 3627 508 3686 recta:
542 3621 656 3685 redibo
689 3621 730 3686 ad
760 3640 818 3685 vos
851 3621 1012 3703 legatione
1045 3627 1198 3703 suscepta
1230 3622 1249 3684 i.
1275 3639 1303 3685 e.
1337 3620 1533 3704 simulatque
1559 3621 1754 3705 legationem
1778 3638 1971 3702 suscepero,

161 3730 222 3793 nisi
246 3737 433 3812 praetorum
458 3729 590 3794 comitia
614 3727 756 3792 habituri
779 3734 855 3793 sunt
879 3728 940 3806 vel,
965 3729 993 3792 si
1009 3729 1165 3811 temporis
1182 3728 1222 3792 ad
1240 3729 1434 3792 senteutiam
1451 3729 1639 3810 primariam
1655 3729 1737 3793 ratio
1754 3726 1976 3809 significanda

160 3842 218 3912 est,
243 3836 385 3901 habituri
410 3842 503 3901 erunt
528 3835 692 3900 consules.
740 3834 909 3900 Sententia
931 3836 1018 3900 enim
1035 3835 1246 3919 hypothetica
1262 3834 1398 3899 ulterius
1415 3840 1545 3918 tempus
1561 3835 1704 3900 futurum
1721 3835 1854 3916 respicit
1869 3852 1975 3918 quam

159 3945 322 4008 sententia
347 3943 510 4026 primaria.

320 4048 383 4114 Clr.
417 4055 532 4114 contra
556 4048 618 4112 Αῖῖ.
645 4048 698 4124 IV,
724 4053 753 4125 2,
780 4049 815 4113 6:
844 4066 921 4130 »ego
946 4067 998 4112 me
1022 4067 1041 4112 a
1064 4049 1222 4131 Pompeio
1246 4048 1345 4130 legari
1369 4049 1414 4113 ita
1436 4070 1507 4114 sum
1532 4068 1660 4132 passus,
1683 4053 1719 4111 ut
1743 4047 1832 4112 nullu
1854 4063 1890 4110 re
1915 4047 1974 4112 im·

159 4156 297 4239 pedirer,
332 4158 420 4238 quin,
455 4158 482 4220 si
515 4156 645 4237 vellem,
681 4156 760 4219 mibi
793 4162 880 4220 esset
903 4157 1073 4237 integrum,
1099 4163 1132 4220 ut
1156 4162 1220 4231 aut,
1246 4156 1273 4218 si
1297 4157 1431 4220 comitia
1453 4175 1627 4222 censorum
1651 4156 1791 4236 proximi
1814 4153 1973 4219 consules

159 4264 327 4341 baberent,
345 4270 456 4347 petere
472 4281 637 4345 possem»,
655 4263 711 4327 ubi
728 4263 875 4328 eiusdem
892 4264 1048 4345 temporis
1065 4264 1148 4327 ratio
1165 4263 1337 4327 intercedit
1354 4264 1438 4329 inter
1456 4260 1671 4330 haberentet
1682 4264 1804 4344 petere
1814 4278 1972 4345 possem.

319 4388 430 4455 Genus
454 4389 640 4472 potentiale.

320 4497 413 4579 Couj.
432 4514 551 4581 praes.
577 4495 633 4560 lut.
659 4496 799 4578 periphr.
825 4496 859 4559 iu
881 4495 1013 4578 protasi.

320 4603 490 4687 Objectiva
514 4604 569 4669 lut.
594 4604 751 4685 temporis
774 4604 806 4666 vi
830 4602 1009 4685 praeditus:

319 4730 388 4793 Fal.
413 4727 435 4814 ξ
462 4728 516 4793 13;
545 4729 630 4792 atsi
653 4728 717 4791 ista
740 4725 972 4809 comprobabis
995 4726 1106 4790 diviua
1129 4724 1305 4806 praedicta,
1330 4731 1371 4802 et,
1397 4743 1482 4809 quae
1506 4723 1588 4788 laisa
1611 4725 1645 4788 iu
1668 4722 1785 4787 suturis
1809 4722 1971 4799 dicentur,

159 4836 267 4901 iubis
292 4834 438 4912 habebis,
463 4842 500 4898 ut
522 4853 562 4900 ea
586 4834 655 4899 lreri
679 4854 746 4899 uon
770 4835 905 4916 possint,
935 4840 979 4908 ut,
1004 4834 1032 4896 si
1056 4832 1191 4907 dicatur,
1217 4831 1407 4897 Africanum
1431 4831 1628 4912 Karthagine
1654 4831 1840 4912 potiturum,
1866 4833 1907 4904 et,
1942 4830 1972 4894 si

159 4963 235 5010 vere
259 4945 387 5009 dicatur
410 4943 450 5007 de
473 4942 582 5008 futuro
605 4943 704 5026 idque
728 4942 773 5005 ita
784 4939 956 5028 futurum
980 4937 1031 5015 sit,
1057 4939 1147 5004 dicas
1172 4957 1246 5004 esse
1271 4939 1506 5004 necessarium.

321 5250 341 5316 ¹)
361 5248 414 5303 Cir.
435 5245 518 5316 prael.
