4274 5790
206 232 248 294 24

321 411 475 494 Sequitur
498 428 595 483 nunc,
621 415 656 473 ut
680 427 885 492 quaeramus,
921 410 1086 492 quomodo
1112 411 1171 474 has
1196 411 1406 492 quaestiones
1430 411 1581 493 obliquas
1605 412 1638 474 in
1663 410 1803 474 directas
1829 416 1984 474 mutatas

160 519 294 600 exprimi
329 524 487 601 oporteat.
544 516 651 599 Atque
684 536 786 598 quum
819 517 881 581 hae
914 519 1125 600 quaestiones
1158 518 1189 580 in
1224 517 1365 581 directas
1397 524 1540 583 mutatae
1564 519 1810 601 conjunctivum
1835 516 1983 582 modum

160 625 344 690 desiderent
368 625 409 689 ad
435 623 646 688 dubitationis
672 624 735 686 vim
759 623 1017 704 significandam,
1036 625 1163 688 videtur
1179 623 1322 688 futurum
1339 624 1610 707 periphrasticum
1629 626 1761 690 retineri
1776 644 1842 689 non
1859 641 1981 707 posse.

159 731 241 795 Nam
275 732 521 813 conjunctivum
555 749 660 812 praes.
695 730 857 813 conjugat.
893 732 1034 813 periphr.
1070 732 1103 795 in
1126 731 1374 814 quaestionibus
1398 731 1530 796 directis
1554 751 1718 815 nusquam
1743 733 1862 797 inveni.
1919 730 1982 794 Re-

159 839 323 920 spondent
346 840 442 920 igitur
465 844 597 902 nostrae
622 839 832 920 quaestiones
856 839 907 901 his
932 838 1181 921 quaestionibus
1205 839 1350 903 directis:
1376 837 1518 924 (tratrem
1536 838 1626 924 vero)
1645 839 1812 921 quomodo
1828 837 1980 912 videam,

159 946 215 1010 ubi
248 946 430 1010 dimittam?
464 944 712 1010 Observandum
747 952 856 1009 tamen
890 952 948 1019 est,
983 946 1015 1008 in
1049 945 1267 1026 conjunctivis
1301 943 1448 1020 cisaram,
1481 942 1691 1009 dimissurus
1714 943 1780 1010 sim
1804 943 1980 1026 duplicem

160 1053 369 1134 potentialem
402 1053 468 1117 vim
502 1053 610 1116 inesse
644 1072 744 1135 quum
777 1053 810 1116 in
835 1053 1046 1135 conjunctivo
1071 1053 1160 1117 verbi
1185 1054 1380 1117 substantivi
1405 1059 1472 1116 tum
1497 1053 1529 1115 in
1555 1052 1633 1133 ipsis
1658 1053 1837 1134 participiis
1862 1051 1980 1115 luturi.

159 1157 396 1241 ConJ'unctivus
428 1161 515 1224 enim
548 1160 734 1241 potentialis
763 1160 812 1222 est
836 1165 868 1222 et
892 1160 1097 1241 participium
1123 1159 1220 1224 lutari
1244 1160 1343 1224 habet
1366 1179 1439 1224 eam
1462 1160 1538 1234 vim,
1564 1177 1630 1241 qua
1656 1159 1853 1236 facultatem,
1881 1164 1980 1240 pote-

159 1272 275 1330 statem
301 1285 374 1331 esse
399 1266 496 1330 alicui
520 1266 643 1348 aliquid
668 1265 809 1330 faciendi
833 1266 1002 1330 indicetur.

319 1390 440 1455 Eadem
466 1397 582 1455 natura
606 1409 672 1473 qua
696 1391 882 1472 exemplum
902 1391 971 1473 jam
996 1396 1168 1455 tractatum
1194 1392 1275 1456 haec
1300 1411 1431 1475 quoquc
1456 1390 1606 1473 exempla
1629 1408 1702 1455 esse
1726 1392 1892 1456 videntur:

319 1515 353 1579 ln
379 1514 497 1580 Caecil.
525 1517 629 1579 Divin.
653 1514 676 1600 ξ
700 1515 758 1579 33;
784 1534 860 1597 ergo
885 1515 916 1579 id
941 1516 1076 1580 omnino
1099 1516 1218 1597 Verres
1243 1517 1421 1598 injudicio
1445 1537 1506 1582 suo
1530 1536 1596 1582 non
1621 1518 1740 1592 audiet,
1758 1517 1976 1599 quodquam

159 1622 309 1699 iaciebat,
345 1623 622 1705 quemadmodum
656 1619 868 1709 dasetrsuras
902 1627 989 1686 essct
1021 1642 1087 1687 nou
1121 1624 1312 1706 reperiebat.
1360 1624 1515 1703 Quaestio
1544 1625 1682 1689 directa:
1712 1622 1880 1706 quomodo
1907 1622 1979 1687 hoc

160 1728 333 1794 delendam
358 1729 412 1813 (ι-
436 1729 611 1795 defendere
635 1730 794 1814 possiml‘?

319 1854 409 1919 Verr.
435 1855 475 1919 lll
498 1854 521 1940 ξ
547 1855 623 1919 118;
649 1873 756 1938 neque
780 1856 844 1919 hoc
869 1873 1004 1937 parvum
1028 1856 1153 1920 crimen
1177 1856 1455 1938 quemadmodum
1481 1853 1693 1943 (defensurus
1708 1853 1752 1920 sit
1770 1855 1978 1938 homoquis·

160 1980 257 2043 quam
281 1982 438 2045 umquam
463 1963 669 2043 excogitabit.

319 2085 474 2165 Quaestio
499 2087 635 2150 directa:
662 2086 829 2169 quomodo
854 2087 917 2151 hoc
942 2088 1067 2150 crimen
1091 2086 1265 2152 defendat?
1290 2109 1326 2153 o:
1357 2091 1441 2153 huru
1466 2091 1520 2155 vill
1545 2091 1610 2155 han
1634 2089 1759 2169 afviirja
1783 2087 1894 2151 denna
1921 2088 1979 2154 be-

159 2190 331 2274 skyllning.

319 2299 372 2364 Or.
398 2300 478 2364 Phil.
505 2300 530 2364 ll
554 2299 577 2385 ξ
600 2301 659 2365 Ob:
684 2320 750 2383 qua
774 2319 813 2364 ex
837 2301 1023 2382 syngrapha
1048 2301 1125 2384 quid
1151 2305 1293 2367 acturus
1317 2300 1374 2378 sis,
1400 2303 1555 2368 meditere
1580 2322 1702 2367 censeo
1727 2322 1759 2366 o:
1786 2301 1978 2367 emellertid

158 2404 253 2470 rader
272 2407 329 2488 jag
352 2408 405 2488 dig
428 2414 474 2471 att
499 2427 584 2490 noga
607 2406 791 2489 iilverviiga,
818 2408 902 2471 hvad
927 2408 970 2471 du
994 2408 1049 2471 vill
1074 2409 1168 2487 (skall
1193 2408 1316 2495 kunna)
1341 2415 1461 2474 utriitta
1485 2411 1558 2476 med
1583 2411 1692 2474 denna
1713 2408 1815 2473 vexel.
1865 2409 1979 2489 Quae·

159 2514 221 2577 stio
245 2513 382 2578 directa:
408 2514 486 2596 quid
511 2515 612 2596 agas?

319 2619 442 2686 Sensus
468 2622 566 2685 totius
590 2622 654 2687 loci
679 2622 731 2685 hic
756 2622 871 2685 oritur:
897 2621 1013 2685 Cicero
1038 2622 1173 2699 dubitat,
1199 2643 1277 2687 num
1302 2625 1379 2707 quid
1404 2625 1508 2707 possit
1531 2623 1695 2688 Antonius
1719 2641 1815 2705 agere
1840 2640 1881 2686 ex
1906 2622 1978 2687 hac

158 2727 353 2810 syngrapha,
379 2735 476 2811 atque
501 2747 645 2803 causam,
671 2747 730 2792 cur
752 2728 784 2791 id
809 2728 942 2804 dubitet,
968 2729 1016 2803 iis,
1042 2749 1127 2811 quae
1151 2733 1260 2795 statim
1285 2738 1475 2814 sequuntur,
1500 2730 1606 2794 alleri:
1632 2750 1688 2794 rex
1713 2733 1798 2795 enim
1816 2731 1888 2811 ipse
1906 2735 1976 2794 etc.

316 2836 379 2901 Ait.
405 2836 470 2914 Vll,
499 2836 538 2899 13
563 2836 640 2899 lli:
666 2837 694 2898 is
716 2834 860 2911 (Caesar)
882 2836 968 2899 valet
991 2838 1135 2900 exercitu
1164 2875 1199 2883 -
1220 2875 1264 2884 —
1279 2860 1328 2914 ——;
1354 2838 1431 2920 quid
1456 2844 1565 2901 autem
1589 2835 1634 2901 stt
1656 2843 1797 2902 cctmus
1821 2845 1879 2900 aut
1904 2856 1977 2919 quo

158 2943 266 3019 modo,
292 2946 415 3020 nescio,
441 2946 511 3007 sine
536 2951 661 3017 senatu,
687 2944 757 3007 sine
782 2943 1036 3024 magistratibus:
1064 2963 1104 3007 ne
1129 2946 1283 3011 simulare
1307 2946 1438 3028 quidem
1464 2946 1582 3027 poterit
1598 2947 1775 3028 quicquam
1794 2952 1973 3020 πολιτικῶς.

318 3051 387 3116 Hoc
412 3052 486 3115 loco
511 3051 638 3115 videtur
661 3049 725 3113 alia
749 3047 882 3133 agontii
903 3053 1096 3133 significatio
1114 3055 1209 3119 nobis
1226 3076 1413 3121 occurrere:
1440 3054 1611 3119 liirlrandla
1628 3074 1673 3118 sc.
1692 3056 1778 3136 apud
1796 3056 1967 3136 populum.

318 3204 353 3268 D.
389 3204 600 3286 Participium
634 3202 689 3266 lut.
724 3221 799 3266 cum
834 3204 934 3268 verbo
968 3205 1172 3272 substantivo
1206 3211 1417 3291 conjunctum
1453 3209 1492 3271 dc
1526 3226 1565 3270 eo
1600 3206 1781 3282 adhibetur,
1818 3209 1908 3289 quod
1935 3214 1976 3273 ut

158 3312 212 3376 fiat
235 3319 323 3377 certa
347 3313 458 3395 aliqua
481 3312 608 3375 ratione
633 3309 846 3374 constitutum
871 3318 929 3375 est.

318 3421 364 3485 De
395 3419 531 3485 Oratore
565 3419 590 3483 ll
624 3417 647 3503 ξ
680 3417 759 3482 355:
795 3419 904 3501 itaque
937 3420 1009 3494 soli,
1044 3421 1099 3502 qui
1135 3423 1291 3485 memoria
1314 3423 1431 3501 vigent,
1462 3423 1570 3485 sciunt
1594 3423 1672 3504 quid
1696 3428 1728 3486 et
1752 3427 1916 3503 quatenus
1938 3428 1977 3486 et

157 3529 324 3609 quomodo
351 3524 479 3592 ‹tta-ant
501 3525 576 3602 siat,
603 3528 680 3607 quid
704 3527 942 3607 responderint,
968 3528 1045 3606 quid
1070 3530 1219 3609 supersit.

317 3635 363 3698 Ex
397 3635 445 3710 iis,
480 3652 565 3715 quae
590 3635 737 3715 proxime
761 3633 970 3707 antecedunt,
996 3634 1175 3716 intelligere
1200 3633 1283 3709 licet,
1311 3635 1341 3697 h.
1368 3634 1386 3697 l.
1412 3637 1572 3700 rationem
1597 3639 1735 3718 positam
1759 3655 1832 3699 esse
1857 3637 1890 3698 in
1916 3637 1970 3713 iis,

158 3762 242 3824 quae
276 3741 326 3807 vel
360 3742 393 3804 in
427 3760 527 3805 causa
561 3741 755 3822 accipienda
778 3740 972 3815 didicerunt,
998 3741 1048 3804 vel
1073 3742 1268 3806 audiverunt
1291 3761 1366 3806 eum
1391 3742 1509 3819 dicere,
1536 3745 1588 3807 cui
1614 3744 1880 3826 respondendum
1906 3750 1969 3822 est,

156 3849 208 3914 vel
233 3850 374 3930 denique
399 3850 460 3930 ipsi
483 3850 719 3930 excogitarunt.

318 3955 435 4021 Orator
466 3956 488 4040 ξ
521 3956 577 4019 68;
615 3956 784 4036 sejunctus
807 3955 905 4034 igitur
928 3959 1039 4017 orator
1062 3973 1081 4017 a
1105 3956 1377 4037 philosophorum
1403 3956 1599 4036 eloquentia,
1625 3975 1644 4019 a
1668 3959 1898 4039 sophistarum,
1925 3957 1970 4022 ab

157 4063 397 4141 historicorum,
423 4083 443 4127 a
467 4067 636 4144 poetarum
661 4061 876 4144 explicandus
900 4068 947 4125 est
974 4062 1069 4125 nobis
1093 4061 1365 4149 qualisfatmvts
1389 4062 1440 4127 sit.

316 4170 374 4234 His
406 4170 514 4235 verbis
548 4173 664 4233 transit
686 4167 803 4233 Cicero
827 4168 869 4231 ad
892 4169 1000 4249 ipsum
1025 4168 1104 4232 illud
1129 4170 1345 4243 tractandum,
1371 4169 1459 4250 quod
1484 4169 1545 4232 sibi
1570 4171 1749 4250 proposuit.
1799 4171 1853 4246 Ea,
1879 4190 1968 4251 quae

158 4277 364 4353 antecedunt,
391 4280 492 4360 magis
515 4278 556 4342 ad
581 4294 648 4340 rem
673 4275 892 4339 definiendam
917 4281 1015 4356 atquc
1040 4276 1158 4340 linibus
1181 4278 1249 4341 suis
1273 4276 1606 4341 circumscribendam
1625 4279 1795 4357 pertinent.
1844 4279 1878 4341 ln
1896 4299 1968 4359 par·

157 4384 282 4465 ticipio:
306 4380 482 4466 sq'anctns
505 4383 668 4467 duplicem
693 4384 758 4446 vim
783 4400 917 4447 cernere
942 4382 1026 4458 lieet,
1051 4390 1145 4464 prout
1171 4384 1309 4448 refertur
1332 4385 1372 4447 ad
1398 4380 1633 4467 explicandus
1658 4389 1709 4447 cst
1729 4392 1784 4449 aut
1808 4387 1849 4449 ad
1874 4383 1964 4460 sbtra-

157 4506 219 4554 ras
243 4488 294 4554 sit.
341 4490 391 4555 Ad
416 4491 629 4572 gerundivum
655 4491 741 4555 enim
765 4489 903 4553 relatum
928 4496 970 4570 pt.
997 4490 1038 4571 pf.
1065 4491 1279 4573 temporalem
1302 4492 1367 4553 vim
1392 4491 1491 4555 habet
1514 4499 1612 4572 atque
1630 4511 1687 4572 pro
1710 4494 1872 4556 sententia
1888 4499 1966 4556 tcm-

157 4597 261 4679 porali
284 4599 426 4679 positum
450 4599 555 4680 accipi
578 4604 699 4680 potest:
725 4598 828 4662 sedan
852 4598 883 4661 vi
906 4594 1044 4660 sblunda
1060 4597 1157 4662 halva
1176 4598 1253 4662 skilt
1269 4598 1394 4662 talaren
1414 4637 1453 4645 —-
1471 4637 1523 4671 -‚
1550 4598 1647 4662 balva
1663 4600 1692 4662 vi
1712 4607 1756 4663 att
1774 4601 1901 4664 utreda.
1915 4624 1967 4679 ...;

158 4705 199 4768 ad
233 4705 318 4786 conj.
353 4711 462 4769 autem
496 4720 600 4787 praes
628 4706 683 4770 lut.
710 4705 862 4788 periphr.:
875 4701 1029 4789 saturus
1052 4702 1096 4768 sit
1118 4706 1258 4770 relatum
1282 4706 1367 4769 haud
1393 4707 1462 4769 scio
1487 4725 1529 4769 an
1554 4706 1720 4771 causalem
1744 4707 1808 4769 vim
1833 4706 1965 4771 habeat.

158 4810 312 4876 Suethice
335 4812 410 4876 licet
434 4813 520 4877 hanc
544 4813 708 4895 duplicem
732 4815 798 4877 vim
822 4819 865 4896 pt.
891 4812 932 4895 pl.
959 4812 1022 4876 hoc
1047 4812 1145 4877 modo
1170 4821 1299 4878 notare:
1325 4813 1427 4877 sedan
1452 4812 1576 4876 talaren
1600 4813 1740 4876 salunda
1766 4813 1966 4877 blilvitskild

158 4917 228 4983 irin
259 4958 296 4966 —
312 4920 409 4984 balva
436 4921 467 4983 vi
495 4940 539 4984 nu
568 4927 614 4984 att
637 4921 762 4996 utreda‚
788 4920 940 4985 hurudan
964 4920 1029 4983 han
1053 4917 1172 4984 sciscat
1196 4917 1312 4985 scidam
1337 4920 1397 4983 biir
1420 4938 1499 4983 vara
1523 4939 1554 4983 o:
1581 4920 1686 5000 qualis
1711 4929 1844 5001 propter
1867 4939 1964 4983 suum

157 5027 198 5090 ab
224 5028 439 5109 philosophis,
463 5028 627 5108 sophistis,
653 5028 827 5103 historicis,
853 5029 958 5109 potitis
982 5027 1146 5091 diversum
1171 5048 1290 5092 munus
1314 5035 1346 5093 ct
1369 5026 1514 5091 officium
1539 5046 1611 5091 esse
1636 5027 1762 5091 debeat.

317 5134 488 5198 Postremo
512 5141 562 5198 est
585 5135 819 5210 adnotandum,
845 5134 1004 5199 nonnulla
1028 5135 1178 5217 exempla
1201 5135 1362 5199 eiusmodi
1387 5153 1469 5210 csse,
1495 5141 1530 5198 ut
1554 5135 1694 5200 dubitari
1720 5135 1831 5216 possit,
1857 5140 1965 5196 utrum

158 5242 321 5325 objectiva
346 5242 399 5306 illa
424 5242 579 5324 temporis
603 5242 796 5322 significatio
821 5261 861 5306 an
887 5243 969 5306 baec
994 5242 1184 5323 subjectiva,
1209 5242 1249 5305 de
1273 5261 1338 5322 qua
1362 5261 1449 5306 nuuc
1473 5243 1609 5322 agimus,
1635 5243 1674 5305 sit
1700 5242 1881 5305 statuenda.
